4459 6525
685 851 721 908 ll
1086 849 1121 907 C.
1148 857 1177 910 1.
1217 845 1522 906 cuouusrmca.
2010 536 2018 966 1

686 999 787 1058 babilo
804 1009 865 1066 est,
887 1019 979 1078 quum
991 1001 1083 1058 lenus
1104 1001 1252 1059 salutiferi
1271 1003 1428 1076 antiquum
1448 1000 1670 1058 instauraretur
1686 996 1924 1075 receptaculum,

687 1097 718 1154 in
739 1099 805 1171 ipsa
825 1115 902 1172 aqua
923 1107 1041 1171 praeter
1062 1116 1202 1172 maguam
1221 1095 1331 1152 molem
1347 1097 1427 1152 aeris
1440 1095 1524 1152 rudia
1539 1094 1620 1172 quod
1634 1093 1748 1162 dicunt,
1770 1111 1928 1150 nummos·

687 1209 744 1267 que
765 1191 930 1266 permultos
950 1209 1076 1258 aeneos,
1099 1191 1173 1248 alios
1192 1191 1313 1267 quidem
1332 1190 1416 1246 fusos
1430 1192 1497 1246 aevi
1511 1189 1724 1266 antiquissimi,
1746 1188 1822 1246 alios
1834 1206 1926 1244 cusos

685 1286 723 1343 ad
743 1295 879 1361 tempora
900 1286 1067 1360 posteriora
1088 1286 1200 1342 liberae
1219 1287 1264 1342 rei
1283 1283 1422 1361 publicae
1436 1297 1466 1341 et
1483 1287 1700 1361 imperatorum
1712 1293 1841 1340 aetatem
1855 1301 1928 1358 per-

684 1380 832 1449 tinentes,
855 1399 925 1436 vasa
946 1381 1090 1437 nonnulla
1111 1399 1197 1436 aerea
1219 1391 1248 1436 et
1268 1389 1409 1454 argentea
1430 1389 1552 1456 reperta
1572 1389 1663 1446 sunt,
1688 1396 1817 1454 quorum
1838 1377 1926 1453 plura

685 1475 836 1552 Apollini,
858 1474 1020 1552 Nymphis,
1043 1474 1169 1534 Silvano
1190 1475 1289 1532 dicata
1310 1485 1398 1530 erant
1411 1475 1463 1541 (cl.
1482 1493 1534 1532 un.
1550 1476 1633 1530 5701.
1647 1474 1757 1541 5767.),
1778 1473 1837 1528 tria
1851 1490 1926 1528 vero

684 1580 826 1646 argentee
847 1572 877 1626 iu
898 1571 1025 1628 lerinam
1046 1571 1167 1626 miliarii
1186 1569 1310 1626 redacta
1324 1570 1481 1626 itineraria
1499 1566 1664 1626 aGadibus
1679 1567 1806 1625 Romam
1829 1584 1926 1642 usque
2016 1552 2017 1611 Ῑ

683 1665 830 1740 inscripta
861 1661 1012 1721 exhibent.
1060 1665 1144 1738 Quae
1175 1684 1266 1740 quum
1295 1663 1424 1721 diversis
1453 1662 1640 1738 temporibus
1669 1673 1817 1738 concepta
1845 1661 1926 1718 baud

683 1760 789 1836 paucis
818 1769 848 1815 et
874 1762 1005 1816 numeris
1033 1771 1062 1816 et
1082 1761 1273 1816 mansionum
1295 1759 1465 1816 nominibus
1486 1761 1617 1815 interae
1638 1756 1798 1826 differant,
1827 1758 1871 1812 ita
1889 1775 1925 1812 ea

685 1855 735 1911 bic
761 1853 958 1929 proponenda
980 1873 1045 1910 esse
1066 1857 1188 1921 censui,
1217 1865 1251 1912 ut
1273 1853 1429 1911 commode
1449 1856 1528 1914 iuter
1548 1871 1579 1908 se
1600 1854 1773 1928 comparari
1792 1853 1923 1928 possint.

684 1947 801 2006 Collato
823 1959 921 2005 autem
943 1967 1009 2005 cum
1030 1951 1065 2006 iis
1088 1950 1244 2005 itinerario
1258 1948 1423 2016 Antonini,
1446 1947 1493 2016 id,
1516 1947 1596 2024 quod
1616 1948 1707 2004 tertio
1721 1945 1787 2004 loco
1809 1963 1925 2022 propo·

683 2061 806 2110 nemus,
837 2061 905 2100 cum
931 2045 987 2100 boc
1014 2045 1108 2120 magis
1137 2045 1246 2100 ceteris
1266 2045 1441 2118 conspirare
1463 2055 1560 2118 patet,
1593 2041 1666 2099 illud
1686 2053 1812 2108 contra,
1844 2040 1923 2117 qnod
2016 2072 2017 2093 .

683 2139 781 2214 primu
802 2139 869 2194 locu
889 2139 1009 2213 legitur,
1031 2137 1110 2194 band
1131 2156 1243 2214 pancas
1271 2139 1442 2195 mensiones
1463 2134 1618 2204 exhibere,
1641 2153 1719 2214 quae
1738 2138 1770 2192 in
1789 2137 1924 2192 Antoni·

683 2235 775 2290 niano
801 2233 860 2288 ianr
888 2250 948 2289 non
968 2235 1174 2308 reperiuntur.
1214 2232 1407 2289 Itinerarinsn
1427 2233 1555 2308 deniqne
1576 2231 1708 2289 secundo
1728 2231 1797 2288 loco
1818 2229 1923 2306 prola-

682 2337 746 2384 tum
766 2325 902 2401 pluribus
922 2327 1040 2404 quidem
1062 2340 1092 2384 et
1112 2329 1244 2384 numeris
1266 2339 1295 2384 et
1315 2326 1486 2384 nominibus
1501 2347 1569 2384 cunr
1586 2329 1677 2383 tertio
1692 2326 1848 2392 convenit,
1871 2323 1923 2380 sed

682 2421 846 2478 nonnullae
875 2422 1047 2478 mansiones
1077 2423 1107 2478 in
1135 2425 1233 2497 primo
1259 2421 1365 2478 obviae
1389 2425 1420 2479 in
1440 2441 1475 2479 eo
1497 2441 1616 2502 quoqne
1636 2431 1772 2488 exstant,
1801 2421 1874 2476 licet
1894 2422 1922 2476 iu

682 2518 773 2574 tertio
794 2515 1013 2574 desiderentur.
1047 2516 1131 2590 Quae
1151 2537 1243 2594 quum
1263 2519 1303 2574 ita
1317 2519 1395 2586 sint,
1417 2518 1504 2575 facile
1518 2527 1657 2594 apparet,
1679 2516 1923 2592 antiquissimum

683 2623 765 2668 certe
787 2629 853 2667 esse
874 2612 1063 2668 itinerarium
1084 2615 1231 2687 primum,
1259 2615 1456 2670 novissimum
1475 2615 1614 2680 tertium,
1637 2611 1802 2668 secundum
1823 2621 1923 2666 sutem

683 2717 752 2764 unte
772 2707 896 2764 tertium
916 2717 945 2764 et
965 2718 1033 2782 post
1052 2710 1184 2784 primum
1204 2719 1360 2766 exaratum
1380 2727 1456 2766 esse.
1481 2737 1514 2752 -·
1536 2707 1620 2780 Quae
1640 2709 1723 2765 veris
1743 2708 1775 2762 in
1793 2707 1922 2779 singulis

679 2802 836 2878 leguntur,
865 2804 905 2858 ita
927 2801 1102 2878 explicanda
1125 2815 1211 2871 sunt,
1243 2814 1277 2860 ut
1296 2805 1328 2859 in
1347 2803 1537 2862 commodum
1557 2804 1816 2878 peregrinantium
1835 2819 1923 2858 man·

681 2898 799 2954 sinuum
820 2915 975 2954 numerum
996 2897 1152 2973 paullatim
1172 2910 1311 2968 auctum,
1333 2902 1388 2956 uiis
1408 2919 1464 2974 per
1483 2899 1619 2976 planiora
1636 2899 1760 2956 directis
1780 2895 1922 2954 substru-

681 2991 775 3050 ctisre
794 2990 979 3070 rupibusque
999 2994 1130 3060 excisis,
1152 2993 1289 3052 locorum
1310 2994 1484 3052 distantiam
1497 2994 1545 3051 hic
1565 2991 1754 3060 breviorem,
1776 2990 1839 3048 illic
1852 2992 1920 3048 lou·

679 3089 795 3164 giorum
820 3087 967 3144 redditam
996 3106 1061 3146 esse
1089 3089 1233 3146 dieamus.
1281 3088 1468 3166 Quamquam
1494 3090 1525 3145 in
1552 3089 1709 3145 itinerario
1738 3088 1920 3164 praesertim

679 3181 827 3250 secundo,
850 3201 924 3259 qnae
944 3203 960 3238 s
981 3186 1083 3259 priore
1099 3197 1128 3240 et
1147 3185 1316 3261 posteriore
1331 3203 1425 3262 aeque
1445 3183 1564 3242 diversa
1584 3193 1667 3251 sunt,
1689 3183 1855 3259 sculptoris
1869 3200 1921 3240 er·

680 3278 744 3335 rori
765 3275 924 3335 tribuenda
945 3296 1009 3335 esse
1030 3291 1115 3355 puto.
1139 3310 1172 3323 -
1193 3278 1318 3349 Mirum,
1340 3279 1421 3357 quod
1441 3298 1556 3336 summa
1577 3297 1772 3335 numerorum
1786 3279 1920 3335 omnium
2015 3325 2016 3354 ,

679 3374 711 3429 in
736 3368 796 3428 fine
826 3372 1058 3448 inscriptionum
1085 3376 1242 3449 proposita
1270 3375 1374 3431 eadem
1393 3378 1424 3431 in
1446 3376 1543 3451 primo
1564 3384 1593 3429 et
1613 3376 1703 3430 tertio
1724 3386 1920 3431 monumento
2015 3385 2016 3450 ]

679 3476 741 3533 est,
770 3468 905 3543 quamvis
932 3468 1043 3543 singuli
1072 3472 1190 3527 numeri
1211 3488 1427 3545 nonnunquam
1448 3472 1577 3526 interae
1598 3468 1751 3525 differant.
1786 3469 1873 3543 Quos
1894 3472 1920 3525 si
2015 3453 2016 3456 Ἰ

679 3572 819 3617 accurate
840 3566 1073 3637 computaveris,
1096 3584 1134 3621 ne
1154 3568 1185 3621 in
1202 3583 1262 3621 nno
1277 3564 1397 3642 quidem
1411 3576 1603 3621 monumento
1619 3584 1685 3622 cum
1700 3583 1816 3621 summa
1830 3564 1919 3641 plane

678 3657 855 3730 conspirare
875 3656 1028 3725 invenies3
1051 3657 1080 3714 id
1101 3660 1180 3735 quod
1201 3679 1308 3735 parum
1328 3662 1404 3728 scio,
1427 3671 1527 3717 utrum
1549 3660 1731 3736 negligentia
1751 3660 1866 3716 iactum
1881 3662 1921 3716 sit
2015 3727 2016 3740 χ

678 3768 798 3819 eornm,
821 3752 872 3827 qui
893 3768 1034 3808 numeros
1054 3754 1244 3823 inciderunt,
1273 3774 1310 3811 an
1331 3756 1418 3832 quia,
1446 3756 1591 3831 neglectis
1613 3756 1666 3825 iis,
1696 3772 1772 3832 qnae
1792 3764 1919 3830 postero
2015 3805 2016 3832 ,

676 3855 812 3921 tempore
839 3846 871 3903 in
897 3845 1033 3903 locorum
1055 3850 1224 3906 intervallis
1243 3860 1355 3906 mutata
1377 3863 1483 3920 erant,
1514 3854 1688 3907 nniversam
1714 3868 1862 3907 summam
1888 3854 1918 3907 in

676 3939 812 3997 miliariis
839 3940 1060 4019 antiquioribus
1085 3956 1166 4000 recte
1188 3946 1320 4025 tortasse
1348 3948 1536 4022 propositam
1563 3947 1594 4001 in
1623 3946 1669 4003 bis
1693 3964 1814 4022 quoque
1834 3948 1918 4001 vasis

675 4034 866 4093 retinuerint.
891 4068 918 4079 -
944 4036 1163 4113 Inscriptiones
1183 4042 1224 4097 ita
1245 4042 1276 4096 in
1298 4041 1377 4097 rasis
1398 4038 1576 4097 distributae
1598 4051 1685 4109 sunt,
1708 4051 1741 4097 nt
1761 4043 1918 4117 quaternis

677 4130 708 4185 in
739 4130 865 4203 singulis
895 4130 1054 4189 distinctae
1083 4135 1290 4191 columnarum
1318 4132 1426 4209 figuris
1452 4134 1568 4192 tubulas
1597 4146 1760 4210 quaternas
1779 4136 1917 4212 singulae

677 4220 825 4292 efficiant,
853 4226 956 4282 titulus
982 4245 1056 4284 vero
1084 4247 1176 4305 snpra
1202 4232 1334 4305 scriptus
1361 4242 1390 4287 et
1414 4249 1597 4287 summarum
1624 4231 1767 4289 indicatio
1788 4231 1917 4305 singulis

676 4315 813 4375 versibus
833 4337 888 4393 per
908 4328 1002 4377 totum
1023 4340 1166 4379 vasorum
1186 4325 1347 4381 circuitum
1366 4324 1516 4401 legantur.
1556 4327 1762 4382 Aeservantur
1781 4344 1864 4382 nunc
1885 4329 1917 4383 iu

675 4410 782 4469 Museo
803 4412 1004 4471 Kircberiano
1026 4416 1153 4489 Collegii
1173 4418 1311 4476 Romani.
1342 4418 1445 4475 Edidit
1464 4439 1561 4495 nuper
1580 4420 1616 4477 P.
1631 4420 1777 4497 Iosepbus
1797 4420 1918 4479 Marcbi

677 4506 709 4563 in
733 4504 852 4575 libello,
883 4510 933 4565 cui
960 4510 1065 4567 titulus
1093 4525 1156 4569 est:
1188 4514 1231 4567 La
1256 4520 1330 4587 stipe
1349 4516 1490 4568 tribulata
1509 4518 1564 4569 ulle
1584 4516 1709 4569 divinit&
1728 4516 1801 4569 delle
1820 4520 1918 4591 Aeque

675 4602 840 4673 Apollinari
859 4614 917 4659 cet.
948 4602 1053 4671 Roma,
1085 4609 1172 4675 1852,
1195 4613 1228 4675 1¹,
1250 4629 1302 4684 pp.
1324 4614 1360 4667 32
1380 4629 1447 4667 cum
1474 4614 1490 4665 1
1519 4607 1629 4667 tabulis
1649 4612 1712 4667 aeri
1730 4610 1857 4678 incisis,
1884 4614 1917 4669 in

677 4694 786 4773 quibus
811 4706 912 4755 tamen
943 4718 1085 4757 vasorum
1112 4707 1130 4759 2
1156 4714 1185 4759 et
1210 4708 1226 4761 3
1247 4700 1335 4763 binae
1354 4716 1470 4763 tuntum
1489 4705 1648 4763 columnae
1667 4717 1917 4782 repraesentatae
2014 4781 2015 4784 Ἴ

675 4802 761 4859 sunt;
792 4790 823 4849 id
849 4792 930 4871 quod
954 4806 1115 4871 propterea
1145 4797 1322 4868 dolendum,
1353 4801 1421 4875 qnia
1447 4801 1478 4857 in
1505 4801 1642 4877 exemplo
1662 4802 1743 4877 typis
1766 4819 1917 4877 expresso
2014 4795 2015 4804 ¹

677 4886 822 4943 nonnulla
843 4887 931 4945 aliter
952 4889 1108 4967 leguntur,
1131 4904 1220 4971 atque
1241 4896 1272 4951 in
1292 4893 1401 4953 tabulis
1415 4896 1479 4952 aeri
1499 4898 1610 4955 incisis.
1635 4896 1794 4975 Equidem,
1816 4916 1917 4973 quau·
2014 4915 2015 4964 t

674 4992 737 5039 turn
758 4984 858 5058 potui,
881 4984 934 5041 bas
956 4998 1076 5044 secutus
1096 5008 1174 5045 sum.
1206 4991 1398 5047 itinerarium
1418 5003 1516 5048 antem
1537 4993 1662 5049 alterum
1683 4991 1752 5049 iude
1766 4991 1804 5049 ab
1824 4994 1915 5049 initio
2014 5039 2015 5044 ,

676 5096 771 5154 nsque
798 5078 836 5135 ud
861 5082 1049 5139 mansionem
1078 5082 1333 5154 SEXTANTIO,
1365 5088 1484 5143 tertium
1504 5106 1521 5143 a
1540 5085 1738 5145 NEMAVSO
1760 5106 1854 5163 usqne
1875 5088 1914 5143 ad

677 5170 768 5229 linem
787 5174 819 5229 in
839 5175 876 5231 iis
897 5173 1086 5239 exhibentur.
1128 5180 1196 5257 lpse
1218 5181 1248 5237 in
1268 5178 1375 5238 Museo
1394 5179 1541 5239 Rbenano
1561 5181 1661 5241 denuo
1682 5182 1772 5251 edidi,
1792 5181 1854 5239 rol.
1869 5180 1913 5253 X,

680 5268 770 5336 18⁵3,
790 5286 822 5344 p.
843 5274 880 5329 2⁰
899 5288 983 5349 seqq.
