4459 6525
559 922 605 960 m

559 1074 683 1141 sectata
714 1064 851 1129 Orellius
884 1073 995 1129 contra
1029 1086 1128 1149 quum
1160 1064 1212 1129 bis
1242 1066 1307 1129 illis
1339 1067 1501 1129 civitatum
1532 1066 1795 1148 inscriptionibus

560 1187 688 1251 selectis
724 1188 903 1251 universam
930 1208 996 1251 rem
1024 1188 1249 1270 municipalem
1277 1189 1435 1253 illustrare
1457 1189 1600 1263 studeat,
1633 1190 1666 1250 in
1689 1188 1796 1250 indice

559 1331 686 1395 quoque
708 1310 921 1393 geographico
951 1310 1100 1373 disiectas
1127 1318 1250 1373 uotum
1272 1318 1305 1373 et
1333 1330 1459 1395 sparsas
1485 1310 1616 1373 notitias
1646 1309 1796 1373 exhibere

559 1433 901 1516 poteram-Indices
923 1452 1017 1517 porro
1040 1453 1145 1495 rerum
1168 1432 1378 1517 publicarum,
1402 1432 1597 1506 militarium,
1619 1434 1797 1515 municipa-

559 1555 654 1629 lium,
678 1554 921 1619 sacerdotalium
944 1556 987 1618 lta
1008 1556 1148 1628 institui,
1169 1563 1205 1617 ut
1225 1555 1370 1637 neglecto
1386 1556 1481 1617 etiam
1494 1552 1606 1618 ordine
1621 1554 1797 1619 litterarum

560 1678 592 1740 in
615 1676 746 1741 modum
775 1678 941 1761 repertorii
971 1677 1111 1759 singulas
1140 1697 1192 1739 res
1220 1676 1434 1759 disponerem.
1477 1679 1629 1740 Ilotarum
1651 1696 1727 1741 sero
1747 1676 1797 1739 iu·

559 1800 662 1863 dicem
684 1800 881 1863 Orellianurn
905 1801 949 1862 ita
971 1799 1104 1873 retinui,
1133 1807 1170 1861 ut
1190 1800 1396 1881 corrigerem,
1425 1818 1508 1883 quae
1529 1800 1634 1862 miuus
1655 1805 1741 1861 reete
1762 1798 1797 1859 in

560 1940 598 1984 eo
629 1922 806 2005 explicata,
839 1922 1006 1995 adderem,
1040 1942 1125 2003 quae
1154 1922 1188 1983 in
1216 1922 1310 1985 tertio
1339 1920 1501 1985 volumine
1534 1920 1685 1985 adiuncta
1712 1928 1797 1995 suut,

558 2063 663 2127 neque
692 2052 796 2107 tamen
828 2044 890 2106 nisi
918 2046 952 2106 in
974 2044 1148 2107 rarioribus
1177 2062 1289 2107 omues
1315 2044 1404 2107 lema
1432 2062 1647 2117 recenserem,
1679 2043 1796 2126 quibam

559 2166 693 2229 alieuius
714 2166 762 2229 rei
784 2165 902 2228 mentio
925 2172 1047 2237 exstat,
1068 2166 1166 2228 immo
1189 2175 1281 2229 notas
1304 2166 1410 2229 miuus
1431 2186 1519 2229 raras
1540 2166 1645 2229 allatis
1666 2164 1797 2248 quidem

559 2287 721 2351 nonnullis
744 2286 823 2351 locis
852 2288 1063 2362 illustrarem,
1096 2287 1235 2351 maxime
1261 2296 1367 2350 autem
1398 2308 1581 2351 communes
1608 2288 1706 2351 verbo
1726 2295 1797 2351 tan·

559 2418 627 2473 tum
649 2408 832 2473 indicarem.

644 2532 774 2595 Librum
796 2531 841 2594 ita
862 2531 1042 2594 institutum
1066 2552 1166 2615 quum
1187 2533 1314 2596 duobus
1334 2532 1452 2595 abbiuc
1472 2533 1567 2595 annis
1589 2532 1685 2614 plane
1705 2530 1799 2595 abso·

559 2657 659 2719 lutum
681 2654 817 2716 librariis
845 2652 1061 2727 tradidissem,
1089 2654 1203 2733 paucis
1231 2661 1305 2734 post
1333 2654 1496 2717 mensibus
1526 2656 1560 2717 in
1590 2654 1693 2717 lucem
1724 2672 1798 2717 eum

511 2850 513 2859 Ι
559 2777 757 2861 proditurum
789 2794 860 2839 esse
884 2784 969 2839 certo
1000 2776 1180 2858 sperabam,
1205 2775 1291 2839 baud
1314 2777 1464 2858 ignorans
1486 2774 1579 2838 valde
1600 2774 1798 2839 deminutum

559 2900 598 2962 iri
625 2896 792 2963 utilitatem
824 2900 909 2971 eius,
941 2898 967 2961 si
998 2918 1061 2961 uon
1087 2900 1196 2963 statim
1225 2899 1345 2981 publici
1374 2898 1452 2961 iuris
1482 2895 1581 2961 lieret
1623 2899 1796 2963 senesce

559 3021 674 3105 quibus
701 3020 938 3085 difficultatibus
965 3022 1117 3105 impedita
1152 3028 1216 3084 mm
1238 3020 1324 3083 lente
1345 3020 1541 3103 procedebat
1562 3020 1797 3103 typothetarum

441 3202 449 3223 .
560 3164 674 3227 opera,
708 3151 745 3207 ut
768 3163 876 3207 meuse
899 3143 1026 3207 demum
1048 3145 1164 3206 Martio
1193 3144 1269 3205 anni
1297 3138 1380 3205 isse
1410 3142 1522 3207 ultima
1550 3142 1796 3225 inscriptionum

558 3267 685 3352 plagula
705 3268 790 3351 typis
813 3285 965 3348 expressa
986 3273 1079 3330 esset.
1124 3268 1205 3330 Tum
1225 3266 1348 3330 iudices
1369 3274 1454 3330 certe
1476 3265 1659 3348 vulgaribus
1681 3265 1797 3330 litteris

559 3389 783 3454 describendos
805 3389 893 3452 brevi
916 3389 1118 3452 terminatum
1139 3389 1178 3450 iri
1200 3397 1304 3461 ratus,
1326 3409 1425 3471 quum
1447 3388 1532 3452 baud
1556 3407 1655 3472 pauca
1670 3387 1798 3452 interim

559 3519 762 3576 monumenta
776 3510 944 3593 publicata,
960 3511 1132 3574 nonnullas
1146 3531 1222 3574 vero
1237 3512 1333 3574 etiam
1349 3510 1520 3592 opiniones
1535 3530 1624 3574 meas
1640 3517 1798 3574 correctas

559 3654 628 3698 esse
651 3633 897 3706 intellexissem,
931 3633 1065 3696 addenda
1092 3641 1120 3696 et
1148 3633 1327 3714 corrigenda
1354 3633 1552 3698 conscribere
1578 3632 1722 3706 institui,
1757 3653 1799 3696 ue

558 3757 654 3820 nimis
676 3755 894 3841 imperfectum
917 3775 999 3838 epus
1022 3753 1192 3820 lectoribus
1214 3754 1402 3818 traderetur.
1441 3753 1505 3819 Sed
1521 3773 1562 3816 ue
1578 3762 1645 3818 tum
1667 3753 1798 3837 quidem

558 3880 672 3944 melius
693 3899 745 3942 res
768 3879 939 3962 prooessit3
961 3879 1056 3942 immo
1080 3886 1243 3960 typorum,
1265 3885 1304 3940 ut
1317 3877 1459 3949 videtur,
1479 3876 1635 3958 auguralis
1650 3876 1798 3960 impediti

558 4001 679 4066 librarii
700 4002 822 4065 tardius
844 4001 957 4074 etiam,
987 4017 1083 4081 quam
1104 4007 1213 4072 antea,
1243 3998 1333 4079 operi
1355 3999 1559 4073 insistebant,
1590 4017 1655 4081 quo
1676 3998 1797 4064 iactum

559 4133 625 4198 est,
655 4133 753 4188 utne
778 4121 880 4186 altero
907 4120 1036 4206 quidem
1064 4141 1150 4184 auno
1178 4120 1395 4203 praeterlapso
1423 4121 1567 4186 misellus
1595 4121 1676 4184 liber
1705 4141 1796 4186 meus

557 4247 663 4310 lucem
685 4245 828 4310 vidisset.
871 4243 906 4305 ld
930 4243 1016 4325 quod
1044 4242 1172 4326 plenius
1204 4242 1257 4306 bic
1286 4249 1456 4325 propterea
1483 4245 1695 4307 enarrandum
1724 4263 1796 4308 esse

558 4368 692 4442 credidi,
715 4376 751 4430 ut
765 4366 955 4449 indigestam
970 4366 1265 4448 supplementorum
1282 4365 1396 4430 molem
1412 4365 1587 4428 lectoribus
1601 4383 1796 4428 excusarem.

558 4493 623 4554 lam
647 4490 733 4553 euim
762 4489 861 4552 altera
888 4489 1065 4572 appendice
1095 4508 1177 4570 opus
1206 4495 1292 4562 erat,
1322 4505 1387 4570 qua
1417 4485 1500 4550 tituli
1528 4485 1657 4569 quidem
1684 4505 1796 4550 recens

559 4613 637 4678 editi
658 4613 909 4684 continerentur,
932 4629 1055 4706 errores
1077 4618 1185 4674 autem
1206 4610 1240 4672 in
1261 4611 1331 4692 ipso
1353 4609 1435 4672 libro
1457 4609 1661 4692 postmodum
1682 4608 1799 4692 depre-

559 4734 652 4800 hensi
673 4733 890 4798 indicarentur
912 4738 944 4798 et
966 4733 1207 4814 corrigerentur.
1244 4731 1315 4806 Qua
1335 4731 1459 4794 mtione
1480 4749 1575 4794 nemo
1597 4731 1717 4812 estqui
1731 4749 1798 4794 nou

559 4855 747 4942 perspiciat,
771 4874 868 4938 quam
889 4851 1111 4919 incommodus
1132 4863 1165 4917 et
1185 4854 1358 4936 impeditus
1379 4848 1448 4916 lieri
1469 4851 1615 4916 debuerit
1630 4871 1707 4916 usus
1722 4852 1798 4917 libri

559 4997 618 5044 sua
639 4979 737 5061 ipsius
760 4985 872 5040 natura
893 4977 957 5040 iam
979 4977 1055 5040 satis
1077 4997 1239 5060 superque
1260 4973 1463 5040 incommodi.
1507 4975 1598 5038 lluue
1620 4981 1672 5050 ut,
1695 4993 1798 5056 quan·

559 5109 626 5166 tum
647 5099 780 5175 licebat,
801 5099 976 5164 faciliorem
997 5097 1165 5164 redderem
1179 5117 1217 5162 ae
1231 5097 1331 5180 magis
1347 5096 1550 5181 expeditum,
1572 5096 1674 5179 ipsam
1689 5098 1797 5180 potius

559 5223 769 5307 appendicem
796 5241 881 5286 anno
911 5223 1019 5305 priore
1046 5222 1131 5305 typis
1159 5222 1345 5302 impressam
1371 5219 1609 5284 rescindendam
1637 5238 1676 5282 ac
1702 5220 1796 5286 novis
