4459 6525
1709 985 1713 993 t

1624 1016 1628 1025 s

435 1075 552 1157 Neque
573 1072 843 1157 reprehensorum
865 1093 915 1139 me
946 1094 1138 1159 quemquam
1167 1094 1238 1141 esse
1266 1075 1399 1159 opinor,
1432 1074 1520 1158 quod
1548 1073 1680 1139 numina

435 1197 704 1281 praetermiserim
737 1197 929 1281 scriptorum
962 1197 1110 1272 illorum,
1144 1199 1199 1282 qui
1232 1198 1273 1261 de
1304 1196 1400 1263 robus
1432 1196 1679 1281 municipalibus

435 1320 722 1403 Neapolitanorum
745 1320 844 1385 libros
866 1321 1144 1404 conscripserunt,
1173 1340 1309 1405 quornm
1337 1326 1542 1385 monumenta
1571 1321 1679 1383 omnia

436 1462 526 1507 nuuc
547 1442 634 1527 apud
657 1444 901 1507 liommsenium
925 1444 1090 1527 leguntur,
1122 1444 1282 1507 neminem
1303 1442 1516 1526 negligentiae
1536 1442 1678 1507 accusari

435 1566 561 1641 sciens,
595 1568 652 1650 qui
674 1566 844 1629 Gruterum
873 1574 906 1629 et
926 1566 1135 1631 Muratorium
1164 1585 1259 1649 quam
1281 1564 1388 1629 fontes
1408 1565 1525 1629 borum
1545 1564 1677 1629 laudare

436 1688 596 1752 maluerit.
640 1688 717 1751 llloa
739 1688 837 1771 igitur
857 1696 924 1753 tum
947 1689 1052 1753 solum
1075 1689 1253 1762 nominari,
1276 1708 1376 1773 quum
1396 1694 1453 1751 aut
1468 1686 1509 1749 ad
1524 1688 1680 1769 interpre-

435 1810 589 1874 tationem
613 1812 809 1875 mouumenti
831 1811 953 1896 aliquid
975 1811 1191 1886 contulerant,
1220 1818 1277 1875 aut
1296 1810 1393 1875 lectio
1414 1828 1526 1873 eorum
1546 1828 1567 1872 a
1587 1816 1679 1873 textu

435 1934 689 1999 Mommseniano
712 1934 757 1997 ita
785 1934 968 2010 differebat,
1001 1942 1037 1997 ut
1066 1954 1126 2018 pro
1153 1940 1240 1999 certo
1273 1933 1438 1997 diiudicari
1467 1951 1534 1995 noa
1559 1939 1678 2016 posset,

437 2076 521 2141 qnae
543 2076 619 2119 vera
642 2056 737 2119 lectio
759 2064 919 2120 ecreto-
941 2057 1082 2121 Eandem
1105 2076 1201 2139 porro
1229 2056 1333 2139 legem
1363 2055 1559 2119 adducendis
1581 2054 1678 2119 variis

435 2178 627 2243 lectionibus
649 2179 758 2263 posui,
781 2198 862 2261 quas
883 2178 1011 2243 silentio
1034 2180 1249 2261 praetermisi,
1274 2179 1403 2261 quoties
1424 2179 1492 2241 sive
1512 2176 1582 2260 ipse
1603 2178 1679 2240 titn·
1817 2195 1821 2208 ¹

435 2303 503 2365 lum
527 2302 633 2364 denuo
662 2302 834 2384 exscripsi,
866 2302 934 2365 sire
956 2322 975 2365 a
997 2309 1078 2365 teste
1108 2301 1248 2385 quodam
1275 2298 1338 2364 lide
1365 2300 1465 2384 digno
1494 2300 1676 2382 exemplum

436 2425 508 2488 eius
531 2424 733 2487 emendatum
756 2424 876 2506 accepi.
912 2423 1058 2487 Ceterum
1080 2425 1151 2507 ipsa
1172 2432 1285 2487 natura
1306 2424 1380 2486 libri
1401 2442 1485 2486 nora
1505 2423 1677 2506 praecipue

435 2546 631 2611 documenta
654 2546 812 2629 complexi
835 2566 872 2609 eu
895 2554 960 2622 est,
987 2554 1023 2609 ut
1044 2548 1148 2610 rarius
1170 2546 1278 2611 variae
1299 2546 1453 2609 lectiones
1475 2543 1676 2608 exhibendae

435 2670 512 2733 siut.
534 2698 577 2715 -
599 2670 635 2731 lu
659 2668 917 2733 adnotationibus
945 2670 1100 2733 rationem
1125 2669 1237 2735 Orellii
1268 2688 1328 2751 ego
1359 2687 1490 2752 quoque
1517 2667 1677 2751 adepturi.

523 2792 649 2854 lodices
670 2790 810 2874 denique
830 2812 928 2875 quum
943 2792 976 2855 in
993 2792 1074 2855 libro
1090 2792 1253 2857 Orelliano
1267 2812 1468 2875 magnacum
1483 2792 1678 2874 negligentia

440 2916 643 2999 conscriptos
666 2934 737 2978 esse
761 2916 958 2999 experientia
980 2935 1076 2999 saepe
1098 2912 1233 2978 edoctus
1254 2936 1374 2989 essem,
1405 2915 1572 2978 molestum
1594 2914 1678 2977 ultra

437 3038 569 3102 modum
600 3046 631 3101 et
664 3038 848 3101 diuturnum
872 3038 1025 3101 ·laborem
1056 3038 1203 3120 suscepi,
1234 3046 1272 3100 ut
1300 3038 1392 3100 nouis
1424 3037 1483 3100 tria
1516 3038 1678 3101 volumina

436 3162 596 3225 indicibus
617 3162 817 3225 instruerem.
861 3162 898 3224 ln
921 3162 1037 3245 quibus
1059 3160 1269 3227 conficiendis
1289 3160 1452 3243 egregium
1475 3161 1676 3225 Mommsenii

435 3286 470 3348 in
486 3285 749 3369 luseriptiouibus
765 3286 864 3368 Regni
880 3286 1080 3369 Neapolitani
1105 3285 1287 3368 exemplum
1308 3285 1352 3346 ita
1372 3291 1500 3348 secutus
1522 3305 1610 3358 snm,
1630 3292 1676 3360 ut,

436 3427 522 3492 quae
546 3407 673 3471 indoles
703 3407 827 3470 diversa
855 3407 926 3472 libri
955 3407 1016 3470 mei
1046 3408 1246 3490 postulabat,
1273 3409 1485 3483 immutarem,
1514 3409 1675 3483 adderem,

436 3531 626 3594 omitterem.
676 3529 717 3592 lit
746 3529 838 3592 omisi
867 3529 996 3612 quidem
1028 3529 1152 3592 indices
1183 3531 1349 3592 numnam
1380 3537 1413 3594 et
1440 3533 1676 3614 cognominum,

436 3653 554 3737 quibus
577 3651 693 3715 librum
716 3673 820 3716 meum
843 3655 946 3716 miuus
969 3671 1063 3742 egere
1092 3651 1178 3716 clare
1204 3661 1355 3736 apparet;
1385 3671 1459 3716 nam
1485 3653 1676 3736 praecipuus

437 3795 547 3839 eomm
569 3795 646 3838 usus
671 3775 699 3838 is
721 3783 785 3848 est,
808 3777 892 3838 utin
909 3778 1032 3860 magnis
1047 3777 1287 3859 inscriptionum
1302 3775 1545 3838 collectionibus
1559 3776 1677 3858 singuli

437 3897 524 3962 tituli
545 3897 672 3962 facilius
694 3900 826 3986 reperiri
848 3900 982 3981 possint.
1028 3899 1118 3982 Opus
1145 3907 1251 3962 autem
1275 3897 1469 3961 Orelliannm
1492 3917 1608 3979 φιιιιιι,
1640 3905 1677 3960 nt

436 4028 530 4084 antea
554 4021 636 4094 dixi,
665 4039 729 4084 non
750 4029 814 4084 tam
836 4021 912 4084 artis
935 4021 1173 4105 epigrapbioae,
1202 4040 1299 4104 quam
1319 4021 1541 4104 antiquitatum
1563 4021 1676 4082 Roma·

438 4161 551 4206 narum
586 4142 737 4206 studiosis
767 4143 957 4206 destinatum
988 4146 1045 4219 sit,
1079 4163 1184 4206 rerum
1217 4142 1375 4208 indicibus
1408 4162 1505 4226 quam
1538 4144 1676 4208 maxime

437 4265 592 4332 accuratis
615 4263 772 4347 indigere,
802 4267 966 4328 nominum
995 4285 1070 4328 vero
1092 4265 1199 4328 indice
1220 4283 1329 4330 carere
1350 4283 1447 4347 posse
1468 4267 1675 4328 concesseris.

435 4389 551 4472 Neque
583 4387 617 4450 in
650 4385 756 4450 indice
787 4387 997 4471 geographico
1032 4387 1228 4452 luculentum
1260 4388 1460 4451 Mommsenii
1493 4388 1675 4470 exemplum

436 4512 579 4574 imitatus
602 4527 682 4573 snm.
727 4509 880 4585 Quamvis
902 4509 988 4572 euim
1010 4511 1167 4583 indicem,
1189 4511 1317 4594 qualem
1339 4511 1567 4574 Mommsenius
1589 4529 1676 4572 com·

436 4636 562 4716 posuit,
598 4633 804 4696 utilissimum
833 4631 1004 4695 lectoribus
1035 4651 1105 4696 esse
1136 4651 1197 4716 ego
1227 4641 1312 4696 certe
1340 4633 1477 4696 libenter
1497 4650 1675 4716 agnoscam,

437 4755 565 4819 diversa
587 4763 692 4818 tamen
717 4773 848 4837 operum
871 4756 1113 4819 Mommseniani
1136 4762 1170 4818 et
1190 4756 1343 4820 Orelliani
1365 4755 1554 4819 condicione
1576 4756 1676 4819 silici·

437 4885 505 4953 tur,
527 4886 564 4942 ut
583 4875 669 4939 illiue
685 4877 766 4939 ratio
782 4875 857 4940 buic
870 4897 979 4961 parum
996 4879 1165 4940 convenire
1179 4878 1340 4952 videatnr3
1361 4895 1433 4940 nam
1449 4879 1675 4943 Mommseniua

437 5021 535 5085 quum
560 5001 722 5064 civitatum
739 5000 918 5070 nominibus
937 5001 1153 5083 magistratus,
1176 4999 1370 5074 sacerdotia,
1392 5009 1496 5063 cetera
1512 4999 1675 5075 notabilia,

438 5141 653 5207 quaecunque
667 5123 701 5185 in
715 5123 929 5186 monumentis
945 5122 1158 5206 epigrapbieis
1172 5124 1390 5207 reperiuntur,
1406 5122 1564 5207 adiungit,
1583 5124 1676 5206 quasi

437 5245 609 5328 perfectam
632 5243 792 5329 quandam
814 5245 1009 5328 singularum
1038 5245 1201 5308 civitatum
1228 5247 1399 5330 imaginem
1423 5246 1521 5309 nobis
1550 5263 1676 5330 reprae-
