4459 6525
444 1076 661 1159 exscripserat
688 1076 740 1139 rel
770 1094 788 1139 e
817 1076 907 1141 libris
936 1086 1154 1163 excerpserat,
1186 1096 1309 1141 sumna
1339 1095 1464 1140 mecum
1493 1076 1684 1181 liberalitate

443 1200 680 1263 communicare
702 1200 841 1274 solebat,
864 1200 907 1265 ita
929 1208 1040 1283 postes
1062 1220 1143 1283 qrras
1164 1219 1264 1263 nores
1287 1198 1500 1283 undecunque
1520 1206 1684 1283 praestan·

443 1322 543 1385 tiores
564 1322 790 1405 inscriptiones
812 1332 995 1406 acceperat,
1028 1323 1204 1405 descriptas
1231 1322 1309 1385 mibi
1338 1322 1444 1385 statim
1465 1322 1684 1394 transmiserit,

442 1464 547 1526 qnare
575 1448 601 1507 si
630 1466 695 1509 non
723 1448 766 1509 its
795 1447 912 1511 multos
942 1446 1050 1511 titulos
1078 1447 1233 1509 memoria
1264 1444 1424 1527 digniores
1453 1444 1486 1507 iu
1509 1444 1590 1509 libro
1613 1463 1685 1507 meo
1758 1437 1762 1444 ’

446 1566 624 1631 desiderari
648 1568 857 1642 indicaveris,
880 1568 911 1631 id
935 1588 1048 1651 magna
1064 1588 1110 1647 ex,
1120 1575 1211 1650 parte
1226 1566 1436 1631 Mommsenio
1448 1568 1530 1631 scias
1544 1567 1687 1631 tribues·

444 1688 524 1751 dum
547 1710 626 1753 esse.
671 1692 744 1773 lpse
768 1698 946 1774 praeterea,
973 1710 1071 1773 quum
1095 1710 1179 1754 anno
1200 1685 1278 1751 lust
1306 1688 1443 1753 Berolini
1465 1708 1686 1764 somniantes,

443 1812 478 1875 in
499 1811 692 1875 bibliotheca
714 1814 800 1893 regin
823 1832 864 1875 ex
886 1812 992 1877 multis
1008 1813 1205 1887 recentibus,
1226 1832 1309 1895 quos
1323 1813 1442 1875 Romae
1459 1810 1572 1875 deesse
1588 1831 1684 1875 nore·

444 1954 529 2007 ram,
551 1934 656 2008 libris,
679 1935 950 2019 ephemeridibus,
967 1934 1154 1999 societatum
1169 1934 1248 1999 actis
1262 1942 1466 1999 monumenta
1480 1934 1686 2019 epigrapbica
1749 1929 1753 1953 ¹

442 2054 616 2138 diligenter
637 2059 790 2141 excerpsi.

532 2178 681 2243 Collectis
705 2200 779 2243 vern
801 2180 893 2245 novis
916 2182 1176 2265 inscriptionibus
1206 2191 1327 2264 partem
1356 2190 1478 2244 tantum
1508 2182 1613 2263 operis
1634 2200 1685 2243 me

442 2302 618 2387 perfecisse
641 2301 780 2366 credidis
814 2304 952 2367 restabat
973 2304 1070 2367 altera
1093 2324 1184 2387 pars,
1214 2313 1252 2365 ut
1272 2302 1384 2367 titulos
1405 2302 1445 2365 ab
1467 2302 1589 2367 Orellio
1612 2322 1686 2385 pro·

442 2424 567 2509 positos
590 2424 821 2498 examinarem,
850 2425 883 2487 in
907 2426 1120 2489 sinceritatem
1142 2426 1355 2510 inquirerem,
1388 2444 1495 2488 veram
1517 2424 1685 2489 lectionem

441 2547 686 2628 investigarem,
720 2546 941 2611 adnotationes
974 2548 1115 2631 denique
1147 2550 1207 2619 viri
1238 2548 1413 2611 doctissimi
1446 2547 1685 2631 perpenderem.

444 2668 537 2731 Licet
558 2668 643 2731 enim
660 2667 815 2733 Orellium
839 2670 878 2731 de
901 2672 975 2733 crisi
998 2671 1201 2754 epiprspbica
1221 2672 1341 2755 optime
1362 2670 1509 2734 meritum
1523 2688 1594 2733 esse
1609 2670 1685 2733 estis

442 2798 588 2863 constet,
620 2810 717 2872 quum
748 2790 855 2855 multis
890 2792 1019 2875 quidem
1053 2794 1154 2855 titulis
1184 2792 1331 2857 salsitatis
1356 2800 1465 2857 notans
1491 2792 1685 2875 apposuerit,

443 2910 546 2975 multa
563 2910 764 2977 falsariorum
781 2914 909 2977 nomina
923 2917 1089 2989 tremuerit,
1107 2916 1193 2979 band
1210 2934 1327 2998 paucae
1342 2923 1447 2979 tamen
1462 2915 1684 2998 inscriptiones

442 3040 556 3117 aperte
578 3034 703 3117 spurias
725 3042 761 3097 ut
781 3036 936 3117 genuinos
958 3037 1138 3103 collectioni
1161 3058 1236 3101 snae
1258 3038 1410 3110 inseruit,
1431 3037 1556 3121 spurias
1575 3043 1686 3127 contra

444 3155 601 3219 indicarit
630 3157 783 3238 genuinas
813 3158 983 3223 nonnullus
1015 3160 1082 3223 sive
1112 3160 1216 3225 edbuc
1242 3160 1446 3243 superstites,
1479 3160 1547 3222 sive
1568 3179 1587 3222 a
1609 3159 1684 3223 uiris

443 3277 507 3342 lide
531 3279 728 3362 dignissimis
751 3280 826 3343 olim
851 3283 1037 3364 exscriptus.
1081 3283 1276 3367 Nequelleri
1293 3292 1430 3366 poterat,
1454 3283 1531 3367 quin
1547 3281 1685 3346 Orellins

442 3409 555 3484 utpote
577 3401 647 3466 sola
671 3401 823 3466 librorum
847 3424 907 3486 ope
930 3407 1086 3480 munitus,
1109 3406 1186 3469 artis
1209 3415 1315 3470 antem
1338 3405 1460 3488 lapides
1483 3405 1683 3470 exscribendi

442 3533 478 3586 et
498 3525 663 3608 imperitus
693 3531 725 3588 et
754 3525 919 3608 negligens
950 3525 1051 3607 (cuius
1082 3529 1129 3590 rei
1157 3528 1442 3592 luculentissimum
1473 3529 1685 3592 testimouium

442 3647 669 3730 inscriptiones
698 3647 851 3729 praebent
876 3648 1074 3724 Helveticae,
1113 3670 1194 3734 quas
1219 3649 1332 3725 facile,
1361 3650 1388 3714 si
1417 3651 1587 3723 voluisset,
1615 3650 1685 3732 ipse

443 3768 603 3850 potuisset
625 3767 835 3852 exscribere),
870 3789 979 3852 parum
1014 3779 1160 3836 accurate
1181 3788 1411 3855 nonnunquam
1444 3771 1684 3854 inscriptionum

443 3897 568 3952 textum
591 3891 815 3966 constitueret,
838 3913 856 3954 e
879 3893 975 3956 variis
997 3893 1188 3958 lectionibus
1211 3895 1316 3958 minus
1337 3901 1453 3958 rectam
1473 3895 1622 3977 eligeret,
1645 3893 1685 3959 de
1713 3904 1717 3912 ¹

444 4022 614 4076 annorum
637 4009 700 4076 lide
722 4013 803 4078 mele
826 4014 989 4080 iudicaret.
1034 4016 1125 4092 Quae
1150 4037 1250 4100 quum
1272 4019 1316 4082 ita
1338 4025 1461 4092 essent,
1493 4037 1558 4080 uon
1581 4017 1685 4098 ingra-

444 4145 511 4200 tum
533 4136 611 4198 viris
634 4136 733 4200 doctis
756 4137 895 4200 laborem
918 4157 968 4199 me
987 4145 1208 4220 suscepturum
1224 4159 1295 4202 esse
1310 4139 1494 4214 credebam,
1517 4141 1544 4203 si
1558 4147 1685 4221 praeter

444 4258 669 4342 supplementa
685 4259 765 4322 libro
781 4259 942 4324 Orellisno
957 4261 1142 4342 corrigenda
1158 4281 1289 4346 quoque
1302 4261 1526 4345 adiungerent,
1543 4263 1685 4345 quamvis

441 4400 545 4464 panca
560 4381 616 4444 illu
632 4381 761 4464 quidem
780 4389 812 4445 et
825 4382 1020 4455 inordinata,
1044 4383 1152 4466 qualia
1166 4385 1200 4448 iu
1215 4385 1340 4448 schedis
1354 4385 1434 4448 meis
1448 4384 1684 4448 adnotaveram.

441 4505 554 4586 Neque
581 4504 665 4568 enim
690 4505 796 4568 omnia
818 4523 869 4568 me
891 4505 1068 4568 correxisse
1090 4505 1256 4589 praedico,
1283 4525 1366 4590 qnae
1388 4505 1577 4589 corrigenda
1597 4507 1682 4591 apud

441 4625 597 4690 Orellium
622 4633 768 4700 exstant,
790 4645 850 4688 nec
873 4626 1001 4700 dubito,
1025 4627 1102 4710 quin
1126 4649 1187 4710 ego
1209 4649 1338 4712 quoque
1352 4628 1509 4694 interdum
1525 4630 1682 4694 sincerum

441 4755 684 4812 monumentum
713 4749 867 4832 spurium,
899 4749 1040 4830 spurium
1069 4750 1228 4812 sincerum
1257 4751 1492 4816 declaraverim.
1535 4751 1570 4814 ld
1594 4752 1681 4835 quod

440 4891 499 4934 eos
521 4869 616 4933 facile
639 4871 874 4936 condonaturos
892 4892 962 4936 esse
978 4872 1060 4946 snio,
1083 4872 1140 4954 qui
1156 4873 1301 4956 quamuis
1315 4873 1491 4958 paullulum
1505 4873 1556 4939 bis
1570 4874 1682 4939 litteris

439 4993 540 5056 studii
576 4992 799 5075 impenderint.
855 4993 1005 5058 Delectns
1039 4995 1125 5058 euim
1159 4996 1253 5077 plsue
1285 5004 1437 5079 purgatus
1469 4997 1682 5080 omnibusque

438 5115 585 5180 numeris
618 5115 806 5180 emendatus
839 5118 900 5180 nisi
934 5117 1100 5199 explorata
1128 5126 1222 5182 antea
1253 5127 1286 5182 et
1314 5119 1494 5184 examinata
1527 5119 1613 5182 omni
1646 5139 1681 5185 re

440 5237 646 5321 epigrapbica
670 5239 794 5304 institui
816 5239 945 5323 nequit;
968 5259 1067 5322 qnare
1089 5240 1201 5304 merito
1222 5239 1357 5308 tortasm
1380 5241 1457 5306 mibi
1479 5241 1602 5306 crimini
1626 5241 1681 5306 da-
