4459 6525
582 867 639 936 11⁰
872 863 906 922 C.
928 861 967 920 11.
1002 861 1265 923 MONVMENTA
1283 859 1516 930 HISTORIGA.

582 1015 767 1076 INDVLTO
790 1013 802 1072 ΙΙ
825 1013 1008 1072 REMEDIO
1022 1013 1254 1074 SACERDOTI
1268 1012 1429 1072 VESTRO
1444 1011 1498 1072 ΟΒ
1513 1009 1734 1072 EDITIONES
1753 1011 1827 1068 CE-

581 1107 843 1170 LEIBRANDAS
857 1107 1074 1167 VVLSINIOS
1090 1109 1275 1168 PERGERE
1289 1108 1470 1167 NECESSE
1481 1105 1566 1164 NON
1579 1103 1709 1164 ESSET
1719 1105 1732 1164 I
1741 1105 1827 1163 scl-

581 1206 702 1266 LIGET
732 1204 787 1262 VT
815 1203 998 1266 CIVITATI
1027 1204 1093 1262 CVI
1119 1205 1229 1262 NVNC
1260 1203 1496 1262 RISPELLVM
1523 1201 1668 1260 NOMEN
1699 1201 1714 1260 ΙΙ
1742 1199 1826 1258 EST

581 1301 782 1376 QVAMQVE
803 1300 1030 1358 FLAMINIAE
1051 1301 1148 1358 VIAE
1168 1299 1378 1358 CONFINEM
1397 1297 1537 1372 ADQVE
1558 1296 1827 1356 CONITINVAM
1858 1341 1861 1344 .

580 1396 681 1470 ESSE
703 1395 948 1454 MEMORATIS
970 1395 1022 1451 DE
1043 1394 1209 1452 NOSTRO
1230 1393 1474 1451 COGNOMINE
1497 1393 1509 1451 ΙΙ
1531 1391 1676 1450 NOMEN
1694 1391 1828 1450 DARE·

581 1490 664 1549 MVS
685 1491 728 1548 IN
745 1490 829 1562 QVA
844 1489 1043 1548 TEMPLVM
1057 1489 1234 1546 FLAVIAE
1250 1488 1398 1546 GENTIS
1417 1489 1430 1545 ll
1446 1487 1578 1546 OPERE
1593 1486 1827 1546 MAGNIFICO

581 1577 761 1644 NIMIRVM
781 1583 860 1642 PRO
882 1584 1197 1642 AMPLITVDINEM
1220 1584 1232 1640 ΙΙ
1254 1581 1586 1642 NVNCVPATIONIS
1615 1581 1828 1640 EXSVRGE·

582 1679 634 1739 RE
645 1681 671 1750 6)
704 1678 931 1752 IBIOEMQVE
960 1679 1025 1735 HIS
1037 1679 1061 1751 4)
1093 1681 1105 1738 Il
1135 1676 1346 1736 SACERDOS
1374 1678 1489 1750 QVEM
1518 1676 1828 1736 ANNIVERSARIA

581 1776 675 1834 VICE
695 1775 853 1834 VMBRIA
874 1773 1092 1832 DEIDISSET
1118 1772 1417 1832 SPECTACVLVM
1445 1773 1533 1830 TAM
1561 1771 1828 1830 SCENICORVM

580 1857 782 1929 LVDORVM
806 1869 817 1926 ΙΙ
840 1868 959 1941 QVAM
980 1867 1251 1926 GLADIATORII
1270 1867 1450 1925 MVNERIS
1478 1867 1722 1936 Exflfflssuuss)
1748 1867 1828 1924 MA-

580 1965 721 2023 NENTE
745 1965 757 2022 ΙΙ
780 1963 858 2020 PER
879 1962 1028 2020 TVSCIA
1049 1963 1116 2030 (sic)
1144 1961 1199 2018 EA
1226 1961 1541 2020 CONSVETVDINE
1570 1962 1623 2018 VT
1647 1961 1829 2020 INDIDEM

582 2057 788 2118 CREIIATVS
810 2055 1020 2116 SACERDOS
1041 2057 1152 2114 APVT
1179 2055 1396 2113 VVLSINIOS
1418 2057 1472 2114 VT
1492 2056 1681 2114 SOLEBAT
1704 2057 1717 2114 I
1741 2057 1829 2113 EDI-

581 2143 743 2213 TIONVM
783 2151 1110 2210 ANTEDICTARVM
1151 2150 1421 2210 SPECTACVLA
1465 2151 1788 2225 FREIQVENTARE
1804 2152 1827 2216 ⁵)

581 2247 860 2308 PRAEGATIONI
875 2247 956 2304 HAG
969 2249 994 2314 4)
1014 2245 1231 2304 DESIOERIO
1247 2245 1409 2302 VESTRO
1426 2250 1438 2307 ll
1453 2245 1612 2305 FAOILIS
1625 2245 1828 2304 ACCESSIT

581 2343 748 2402 NOSTER
776 2339 989 2428 AOSENSVS
1019 2341 1110 2398 NAM
1141 2339 1344 2398 CIVIITATI
1370 2339 1571 2398 HISPELLO
1598 2341 1828 2399 AETERNVM

580 2437 836 2496 vocrssvuvu
867 2420 1044 2508 Nolumus]
1064 2436 1076 2492 ιι
1099 2435 1383 2492 vuuuuuuuvu
1406 2435 1459 2492 uu
1478 2434 1646 2494 Nos‘ruu
1666 2435 1828 2496 uvucv-

581 2531 763 2591 PATIONE
785 2529 1086 2590 CONGESIISIMVS
1109 2529 1293 2587 SCILICET
1314 2529 1369 2587 VT
1390 2530 1433 2587 IN
1452 2529 1675 2588 POSTERVM
1701 2531 1828 2590 PRAE-

582 2627 709 2686 DICTA
729 2625 834 2684 VRBS
858 2629 870 2684 ΙΙ
894 2623 1044 2682 FLAVIA
1059 2622 1275 2682 CONSTANS
1289 2627 1313 2691 ⁷)
1333 2623 1525 2683 VOCETVR
1537 2625 1579 2682 IN
1594 2624 1714 2684 CVIVS
1730 2627 1829 2684 GRE·

584 2721 659 2796 MIO
683 2722 696 2780 II
718 2721 860 2778 AEDEM
882 2718 1050 2792 QVOQVE
1065 2718 1243 2775 FLAVIAE
1259 2717 1340 2776 HOC
1356 2717 1434 2776 EST
1446 2719 1641 2778 NOSTRAE
1656 2720 1828 2779 GENITIS

584 2817 638 2890 VT
659 2813 931 2874 DESIDERATIS
952 2812 1179 2872 MAGNIFICO
1201 2812 1331 2870 OPERE
1346 2814 1504 2872 PERFICI
1526 2815 1538 2874 ll
1559 2815 1761 2874 VOLVMVS
1777 2817 1829 2874 EA

585 2908 901 2996 OBSERVATIONE
938 2905 1191 2964 PERSCRIPTA
1227 2908 1280 2962 NE
1309 2908 1451 2966 AEIDIS
1477 2909 1644 2969 NOSTRO
1676 2910 1829 2970 NOMINI

585 3003 794 3062 DEDICATA
822 2999 1061 3074 CVIVSQVAM
1081 2999 1362 3060 CONITAGIOSE
1390 3006 1458 3072 (sie)
1488 3003 1828 3064 SVPERSTITIONIS

586 3097 816 3156 FRAVDIBVS
830 3096 1064 3154 POLIVATIR
1081 3095 1092 3152 ΙΙ
1109 3095 1439 3169 CONSEQVENTER
1452 3098 1581 3156 ETIAM
1594 3099 1829 3158 EDITIONVM

588 3193 631 3252 IN
654 3193 903 3254 PRAEIIDICTA
929 3190 1120 3248 CIVITATE
1147 3190 1474 3252 EXHIBENDORVM
1495 3198 1561 3263 (rie)
1588 3193 1710 3254 VOBIS
1737 3197 1750 3253 I
1774 3197 1830 3252 Ll-

589 3288 775 3347 CENTIAM
799 3286 980 3345 DEDIMVS
1008 3284 1193 3343 SCILICET
1214 3286 1269 3344 VT
1290 3286 1424 3345 SICVTI
1441 3293 1453 3347 l
1470 3275 1628 3348 DICTVM
1647 3288 1731 3347 EST
1751 3291 1829 3348 PER

587 3382 705 3441 VIGES
718 3380 923 3441 TEMPORIS
935 3379 1243 3439 SOLLEMIINITAS
1255 3380 1485 3441 EDITIONVM
1495 3384 1715 3444 VVLSINIOS
1729 3386 1833 3457 QVO·

591 3476 672 3551 QVE
686 3476 771 3537 NON
785 3475 991 3535 DEISERAT
1013 3476 1081 3534 VBI
1102 3475 1253 3534 CREATI
1271 3477 1343 3551 (sie)
1362 3478 1387 3534 E
1408 3478 1558 3536 TVSCIA
1577 3478 1833 3539 SACERDOTI-

587 3571 665 3632 BVS
686 3571 936 3631 MEMOIRATA
958 3569 1212 3627 CELEBRITAS
1232 3570 1472 3631 EXHIBENDA
1492 3572 1571 3631 EST
1591 3574 1661 3631 ITA
1676 3574 1831 3647 QVIPPE

585 3668 665 3728 NEC
688 3668 701 3727 ΙΙ
723 3663 951 3727 VETERIBVS
971 3665 1204 3723 INSTITVTIS
1232 3666 1448 3725 PLVRIMVM
1475 3668 1695 3727 VIDEBITVR
1718 3670 1732 3728 Il
1757 3671 1833 3728 DE-

587 3762 790 3823 ROGATVM
819 3760 871 3817 ET
899 3758 979 3817 VOS
1008 3760 1078 3832 QVI
1107 3760 1160 3819 OB
1188 3760 1446 3819 PRAEDICTAS
1473 3761 1633 3822 CAVSAS
1662 3763 1676 3821 II
1703 3764 1832 3823 NOBIS

588 3856 807 3919 SVPPLICES
837 3853 1070 3913 EXTITISTIS
1092 3855 1146 3912 EA
1176 3855 1287 3927 QVAE
1307 3856 1521 3915 INPENIDIO
1541 3850 1833 3918 POSTVLASTIS

587 3952 830 4011 IMPETRATA
856 3949 955 4008 ESSE
986 3948 1254 4008 GAVDEIBITIS
1277 3982 1308 3992 -
1329 3950 1404 4027 Rep.
1427 3972 1455 4009 a.
1479 3953 1552 4011 1733
1578 3953 1707 4028 Hispelli
1732 3974 1834 4031 prope

587 4050 738 4107 theutrum
758 4048 924 4123 antiquum.
948 4045 1072 4111 Ademi,
1101 4051 1193 4101 scoria
1211 4046 1242 4097 di
1260 4046 1380 4101 Bolseno
1400 4046 1447 4117 II,
1475 4067 1506 4121 p.
1528 4048 1584 4117 ⁴83
1613 4048 1727 4107 Mum.
1751 4050 1834 4127 apud

589 4141 736 4221 Celegerl
750 4142 810 4199 vol.
825 4140 880 4207 xl,
897 4160 927 4217 p.
943 4140 1010 4205 319,
1033 4150 1061 4195 et
1076 4139 1107 4197 iu
1123 4140 1279 4197 Thesauro
1292 4141 1390 4198 lusor.
1407 4161 1438 4217 p.
1456 4142 1658 4213 1791-1m3
1675 4145 1832 4215 Poeoeke,

587 4238 685 4299 Inucr.
708 4248 770 4293 unt.
794 4255 823 4311 p.
845 4236 892 4293 75.
923 4234 1034 4293 Murut.
1058 4235 1194 4309 spurium
1214 4236 1332 4293 titulum
1353 4255 1424 4293 esse
1440 4236 1625 4307 declaravit,
1646 4250 1739 4317 utque
1760 4260 1835 4299 seu·

589 4332 715 4391 tentiam
734 4333 797 4387 eius
819 4328 951 4387 Orellius
973 4347 1090 4405 quoque
1118 4340 1239 4387 secutus
1264 4342 1309 4388 est
1333 4332 1445 4401 (2170).
1487 4331 1592 4408 Nuper
1612 4332 1834 4395 Mummueuiuu

589 4428 710 4504 egregie
728 4433 955 4482 monumentum
976 4424 1255 4497 praeclarissimum
1273 4425 1415 4494 defendit,
1436 4426 1474 4485 ab
1494 4446 1588 4505 eoque
1602 4430 1753 4487 excitetur
1767 4433 1834 4508 ipse

590 4539 693 4579 meuse
713 4518 796 4577 Melo
816 4519 888 4575 uuur'
910 4518 979 4575 185¹
1005 4517 1173 4595 Hispellum
1193 4520 1268 4587 adii,
1294 4518 1414 4577 titulum
1434 4524 1465 4578 iu
1486 4520 1609 4579 aedibus
1629 4522 1764 4599 publicis
1784 4546 1836 4583 us·

591 4625 746 4674 servatum
766 4611 855 4671 Iueile
876 4614 1017 4687 repperi,
1041 4632 1108 4670 cum
1129 4614 1272 4688 exemplis
1293 4614 1508 4674 Muratorieuie
1528 4618 1661 4686 contuli,
1689 4630 1835 4696 eetypuru

592 4712 783 4770 churteceum
803 4706 872 4763 leci·
904 4706 1024 4763 Titulus
1045 4719 1142 4765 eutem
1162 4711 1195 4766 iu
1208 4708 1308 4767 tabule
1324 4728 1492 4769 marmore·
1505 4711 1700 4789 praegrandi,
1719 4714 1834 4773 litteris

591 4806 708 4883 ungule
722 4820 837 4879 proque
851 4810 947 4857 aetate
961 4802 1025 4857 elue
1040 4804 1113 4859 entis
1127 4805 1261 4878 pulchris
1274 4814 1426 4871 exaratus,
1447 4807 1475 4863 ui
1489 4808 1556 4882 quie
1570 4807 1658 4876 ahur,
1679 4812 1835 4885 genuinus

592 4912 650 4958 eut.
670 4898 717 4956 De
738 4896 863 4975 siugulis
882 4895 1050 4953 luculenter
1064 4897 1280 4957 Mommeeuiuu
1295 4899 1446 4970 disseruit,
1466 4900 1568 4959 Auull.
1589 4902 1686 4980 epigr.
1709 4904 1831 4983 Mller.

592 4996 621 5055 d.
642 4996 673 5052 S.
696 4994 761 5048 Ges.
783 4992 812 5047 d.
835 4992 889 5047 W.
913 4991 996 5059 1850,
1018 5010 1050 5067 p.
1072 4992 1128 5051 199
1147 4998 1247 5070 squ),
1268 4992 1320 5051 ubi
1340 4993 1421 5052 vide.

632 5147 659 5213 1)
677 5148 828 5207 Exemplum
848 5146 922 5192 Sacri
938 5144 1098 5207 Reuerlplr'?
1122 5148 1207 5206 Mun:
1234 5152 1266 5198 cf.
1286 5152 1429 5209 exemplum
1445 5166 1581 5199 turturum
1606 5154 1770 5214 litterarum,
1800 5158 1830 5205 C.

594 5218 640 5266 Th.
658 5218 738 5273 XVI.
759 5216 784 5274 5,
800 5214 843 5264 2⁰.
881 5216 909 5271 2)
928 5218 1112 5264 GERMum'eru
1126 5253 1133 5268 .
1148 5220 1317 5267 sunericus
1331 5252 1337 5266 .
1353 5222 1478 5270 GOTr'eue
1493 5224 1655 5285 ,vrorum
1674 5228 1756 5273 miuus
1770 5229 1829 5275 lvere

592 5290 743 5361 Murumrrr
764 5288 965 5337 GERMuuor-um
983 5296 1030 5337 eet·
1051 5289 1186 5339 VICTOR.
1215 5287 1244 5354 ³)
1262 5294 1298 5339 De
1316 5298 1439 5353 tempore,
1459 5310 1507 5355 quo
1525 5298 1649 5345 doenum
1664 5299 1757 5347 belm
1776 5306 1828 5357 erl,
