4459 6525
552 902 611 943 Vll!

559 1045 695 1131 publicis
717 1044 810 1107 lacile
832 1044 1051 1119 inveniantur,
1068 1050 1281 1110 monumenta
1296 1050 1405 1105 nostra
1420 1046 1523 1105 aetate
1538 1045 1662 1124 reperta
1676 1041 1803 1104 maiore

562 1168 673 1231 saltem
696 1188 735 1229 ex
759 1166 896 1248 partein
914 1166 1189 1249 ephemeridibus,
1211 1165 1442 1229 academiarum
1457 1170 1490 1227 et
1504 1164 1690 1228 societatum
1705 1163 1803 1238 actis,

560 1289 668 1353 multis
692 1288 830 1373 denique
853 1288 968 1352 libellis
990 1289 1202 1371 singularibus
1225 1291 1369 1372 dispersa
1390 1288 1503 1363 latent,
1530 1307 1572 1349 ex
1594 1286 1710 1371 quibua
1732 1306 1804 1350 non

562 1412 631 1475 sine
653 1432 767 1494 magno
789 1411 898 1475 labore
921 1431 958 1475 ac
979 1410 1085 1474 taedio
1109 1411 1327 1495 conquirenda
1342 1418 1374 1473 et
1389 1410 1496 1473 denuo
1511 1411 1603 1493 quasi
1618 1408 1805 1473 effodienda

562 1541 644 1597 sunt
676 1534 878 1617 Quapropter
890 1554 953 1596 non
971 1534 1119 1617 exiguam
1137 1534 1303 1598 utilitatem
1319 1532 1395 1595 artis
1411 1532 1631 1617 epigrapbicae
1647 1530 1804 1595 studiosis

482 1746 487 1762 Ι
560 1677 611 1720 me
633 1656 799 1719 allaturum
824 1676 894 1718 esse
917 1657 1097 1738 sperabam,
1121 1659 1146 1720 si
1168 1656 1218 1720 bis
1240 1659 1440 1739 potissimum
1464 1654 1669 1737 colligendis,
1690 1653 1805 1738 dispo-

561 1779 697 1853 nendis,
732 1777 930 1863 explicandis
964 1799 1091 1862 operam
1126 1799 1303 1844 navassem.
1358 1781 1526 1842 Praeterea
1556 1786 1683 1851 autem,
1715 1795 1804 1860 qnae

562 1909 767 1964 monumenta
796 1908 937 1964 correcta
965 1901 1015 1963 vel
1043 1902 1160 1965 rectius
1188 1902 1344 1965 illustrata
1377 1920 1447 1964 csse
1482 1898 1605 1973 inveni,
1638 1917 1676 1961 en
1705 1898 1803 1982 quasi

554 2002 645 2087 =nova
668 2032 788 2099 essent,
818 2025 960 2107 recipere
986 2043 1050 2087 non
1073 2024 1226 2087 dubitavi.
1269 2026 1381 2105 Neque
1403 2022 1730 2107 tamen-propositum
1752 2022 1803 2083 ita

560 2145 667 2219 tenui,
689 2154 725 2209 ut
745 2166 910 2228 uunquam
933 2146 972 2209 ab
988 2166 1026 2211 eo
1042 2145 1253 2223 discederem
1275 2148 1372 2211 immo
1393 2146 1518 2229 recepi,
1541 2146 1568 2209 si
1584 2143 1672 2228 quod
1686 2163 1804 2207 monu-

561 2275 704 2331 mentum
731 2268 796 2331 vidi
825 2268 865 2331 ab
888 2268 1009 2331 Orellio
1032 2268 1201 2343 omissum,
1236 2268 1323 2352 quod
1351 2288 1418 2331 rem
1449 2266 1609 2351 quandam
1637 2265 1803 2329 declarare

562 2390 740 2465 videretur,
773 2392 863 2455 cuius
891 2410 1007 2454 novum
1036 2391 1254 2453 testimonium
1282 2389 1359 2455 mibi
1388 2398 1474 2453 certe
1501 2390 1536 2453 in
1562 2396 1712 2473 promptu
1733 2408 1803 2451 non

558 2518 641 2589 ,erac
687 2512 750 2575 Sed
774 2521 865 2577 caute
889 2534 926 2576 en
949 2513 1076 2577 licentia
1098 2512 1255 2577 utendum
1277 2532 1348 2576 esse
1366 2510 1502 2586 credidi,
1524 2532 1566 2575 ne
1581 2509 1804 2593 inscriptioni-

562 2634 622 2697 bus
645 2634 720 2697 satis
743 2636 828 2697 notis
850 2634 964 2699 librum
987 2635 1171 2717 implerem,
1197 2634 1398 2697 librariorum
1421 2653 1551 2717 quoquc
1573 2632 1704 2698 utilitati
1725 2651 1804 2694 con-

563 2756 717 2831 sulturus,
750 2758 869 2839 quippe
900 2758 973 2841 qui,
1006 2757 1118 2821 studiis
1147 2756 1356 2841 epigrapbicis
1384 2776 1503 2839 paucos
1530 2754 1614 2819 inter
1642 2760 1802 2819 nostrates

563 2897 691 2961 operam
714 2878 805 2953 dare,
828 2900 887 2943 nec
909 2880 1007 2945 multa
1029 2879 1101 2943 libri
1122 2880 1269 2963 exempla
1284 2878 1468 2943 vendituros
1484 2898 1519 2943 se
1535 2898 1606 2943 esse
1620 2878 1695 2951 rati,
1718 2898 1802 2961 opus

563 3020 601 3065 ea
623 3000 812 3065 condicione
833 3002 912 3065 mibi
934 3002 1154 3077 tradidissent,
1181 3009 1218 3066 ut
1238 3021 1294 3065 eos
1324 3009 1446 3067 tantum
1475 3000 1586 3064 titulos
1611 3002 1800 3083 reciperem,

562 3122 678 3207 quibus
704 3126 842 3188 maxime
869 3145 949 3207 opus
979 3134 1078 3200 esset,
1111 3144 1191 3189 nere
1220 3124 1302 3187 ultra
1330 3132 1449 3187 certum
1479 3122 1638 3207 quendam
1667 3124 1799 3187 modum

560 3240 644 3342 lines
662 3244 734 3310 libri
756 3246 970 3312 extenderem.

647 3369 683 3432 ln
712 3368 898 3451 colligendis
928 3376 1032 3434 autern
1060 3369 1336 3452 inscriptionibus,
1370 3389 1452 3451 quae
1481 3376 1555 3452 post
1585 3368 1704 3434 editam
1733 3368 1800 3432 col·

561 3489 731 3554 lectionem
755 3489 946 3554 Orellianam
976 3491 1155 3574 publicatae
1183 3500 1271 3566 sunt,
1301 3499 1334 3556 et
1353 3491 1483 3554 adiutus
1512 3511 1584 3554 sum
1613 3499 1646 3554 et
1665 3491 1799 3575 impedi·

561 3621 611 3676 tus
641 3613 770 3696 propria
806 3614 968 3697 copiarum
1001 3623 1128 3685 natura,
1166 3634 1248 3696 quae
1277 3615 1396 3677 Romae
1425 3612 1503 3676 mibi
1534 3619 1661 3696 praesto
1695 3621 1798 3676 erant:

561 3755 635 3798 nam
656 3735 830 3800 affluebant
853 3736 982 3819 quidem
997 3735 1148 3799 Italorum
1171 3735 1289 3810 libelli,
1311 3756 1370 3800 nec
1393 3735 1542 3812 deerant,
1567 3755 1651 3818 quae
1671 3735 1707 3798 in
1721 3734 1799 3798 Ger·

471 3905 480 3936 ,
564 3859 668 3921 mania
689 3857 784 3922 buius
807 3858 931 3940 generis
961 3868 1164 3921 monumenta
1198 3857 1316 3940 publici
1338 3844 1418 3925 iuris
1439 3857 1522 3922 facta
1543 3866 1627 3920 sunt.
1669 3859 1711 3921 et
1730 3858 1798 3920 bri-

562 3987 747 4054 tannorum,
778 3979 956 4054 Gallorum,
984 3979 1199 4062 Hispanorum
1229 3981 1302 4046 libri
1322 3981 1388 4045 iere
1410 4000 1521 4045 omnes
1543 3980 1662 4044 Romae
1682 3979 1797 4046 trustra

563 4110 770 4184 quaeruntur.
813 4102 859 4164 Ea
882 4103 966 4164 enim
988 4100 1253 4167 bibliothecarum
1274 4104 1488 4166 Romanarum
1509 4101 1656 4166 condicio
1678 4109 1738 4178 est,
1761 4112 1797 4166 ut

559 4224 784 4289 vetustioribus
807 4223 938 4307 quidem
959 4224 1048 4288 libris
1072 4225 1192 4307 optime
1214 4225 1388 4288 instructae
1409 4224 1556 4288 omuibus
1570 4244 1672 4308 paene
1686 4244 1796 4290 recon-

559 4346 692 4410 tioribus
715 4345 844 4410 omnino
867 4354 1009 4422 careant,
1032 4349 1257 4410 commercium
1278 4353 1384 4410 autem
1407 4346 1568 4412 librarium
1591 4347 1637 4412 ita
1657 4346 1795 4413 initalia

559 4469 700 4552 languet,
727 4475 777 4542 ut,
804 4467 889 4551 quod
913 4468 985 4531 olim
1009 4469 1048 4532 de
1071 4468 1228 4552 Lugduno
1250 4469 1391 4544 Plinius,
1420 4468 1506 4532 idem
1529 4489 1614 4532 nunc
1636 4469 1796 4534 dolionis

560 4591 678 4676 aliquis
700 4590 828 4654 credere
850 4592 960 4675 possit.
998 4592 1077 4656 Nam
1099 4591 1273 4674 bibliopolas
1293 4595 1406 4655 Rornae
1426 4611 1489 4653 aon
1508 4612 1569 4656 erre
1589 4591 1683 4656 facile
1704 4599 1795 4675 puta·

560 4713 660 4788 veris,
682 4714 709 4776 si
724 4714 848 4778 nullum
865 4735 914 4778 me
930 4714 1109 4798 repperisse
1125 4714 1291 4789 didiceris,
1313 4715 1370 4798 qui
1384 4713 1626 4780 celeberrimum
1637 4713 1794 4797 Alpbonsi

561 4837 600 4900 de
621 4835 765 4900 Boissieu
788 4835 827 4898 de
848 4835 1107 4918 inscriptionibus
1128 4837 1397 4920 Lugdunensibus
1418 4836 1535 4902 librum
1557 4835 1695 4901 eGallia
1715 4835 1793 4899 mibi

559 4958 755 5024 afferendum
782 4966 933 5022 curasset.
985 4959 1050 5022 lam
1083 4979 1159 5025 vero
1186 4961 1219 5022 iu
1250 4969 1390 5022 extrema
1420 4959 1475 5022 illa
1502 4959 1654 5022 librorum
1685 4959 1793 5042 inopia

558 5081 711 5165 singulari
732 5083 931 5146 Mommsenii
952 5082 1092 5146 amicitia
1115 5101 1208 5164 quam
1239 5081 1377 5145 maxime
1405 5080 1532 5146 adiutus
1554 5101 1641 5158 sum,
1673 5082 1792 5165 quippe

559 5203 634 5288 qui,
656 5203 738 5268 sicut
758 5203 876 5268 Romae
892 5223 1109 5279 commorans,
1130 5223 1215 5288 quae
1229 5223 1286 5287 per
1299 5203 1422 5268 ltaliam
1437 5203 1489 5270 vel
1503 5204 1573 5288 ipse
1587 5210 1792 5274 monuments
