4459 6525
1614 930 1675 972 xm

434 1071 667 1156 supplementis
688 1080 813 1138 auctam
836 1072 943 1137 denuo
968 1072 1210 1158 imprimendam
1231 1073 1348 1136 curari.
1393 1073 1500 1148 Quum
1521 1092 1597 1143 vero
1617 1094 1675 1137 ne-

435 1216 500 1281 que
521 1216 672 1260 numeros
696 1196 864 1259 immutare
878 1196 1058 1270 titulorum,
1081 1198 1139 1279 qui
1160 1196 1195 1259 in
1216 1194 1323 1279 priore
1344 1194 1474 1278 quidem
1496 1195 1675 1281 appendice

429 1318 586 1403 propositi
615 1317 775 1383 indicibus
801 1319 866 1381 iam
888 1320 956 1383 suia
978 1318 1057 1383 loeis
1079 1317 1211 1383 indicati
1231 1326 1340 1393 erant,
1362 1337 1475 1402 ,nequa
1496 1320 1531 1381 in
1551 1318 1676 1384 indices

431 1441 517 1525 typis
546 1440 714 1505 mandatos
742 1442 968 1524 inscriptiones
997 1441 1140 1524 recipere
1165 1441 1280 1505 liceret
1305 1460 1416 1505 recens
1444 1440 1587 1515 additas,
1617 1442 1675 1506 baa

430 1562 582 1645 squidem
604 1563 718 1627 litteris
733 1564 860 1627 Graecia
884 1562 1047 1627 distinctas
1068 1564 1154 1627 inter
1166 1565 1287 1647 priores
1302 1563 1529 1647 inscriptiones
1542 1563 1676 1639 inserui,

432 1686 573 1755 indicem
606 1695 713 1750 autem
747 1706 857 1750 earum
889 1686 1084 1769 singularem
1116 1686 1275 1751 indicibus
1302 1685 1502 1769 generalibus
1529 1685 1676 1749 adiunxi.
1780 1761 1782 1772 Ι

433 1808 507 1883 Qua
528 1809 655 1873 ratione
676 1809 738 1873 boc
759 1808 872 1873 saltem
895 1809 1036 1884 obtinui,
1058 1816 1096 1873 ut
1115 1808 1244 1873 lecturis
1265 1828 1324 1893 pro
1346 1808 1470 1875 duabus
1490 1808 1676 1893 appendici·

432 1932 495 1995 bas
515 1952 613 1995 unam
635 1939 758 1995 tantum
781 1930 991 2015 perlustrasse
1017 1928 1162 1996 sufficiat

519 2056 587 2118 lam
613 2074 690 2117 raro
721 2053 846 2117 duobus
875 2054 951 2117 viris
978 2052 1113 2137 publice
1136 2054 1254 2137 gratias
1277 2074 1372 2137 agere
1392 2056 1503 2129 liceat,
1536 2074 1675 2139 quorum

433 2176 565 2241 nomina
581 2177 615 2240 in
629 2196 821 2260 unaquaque
836 2196 935 2259 prope
950 2177 1057 2259 operis
1073 2176 1190 2260 pagina
1204 2176 1363 2241 laudanda
1379 2185 1484 2251 erant,
1500 2178 1675 2261 Borghesio

434 2300 512 2363 artis
534 2298 754 2383 epigraphioae
781 2297 875 2360 iacile
897 2297 1049 2381 principi,
1084 2300 1142 2382 qui
1164 2318 1305 2374 summa,
1339 2319 1402 2383 qua
1424 2301 1458 2363 in
1482 2320 1593 2365 omnen
1615 2308 1674 2373 eet,
1783 2345 1790 2358 s

433 2422 624 2485 liberalitate
645 2420 720 2484 inde
743 2441 762 2483 a
783 2420 884 2504 primo
907 2420 1053 2483 tirocinio
1076 2421 1190 2485 studiis
1213 2422 1291 2484 meis
1314 2422 1527 2505 epigraphicie
1549 2442 1675 2507 semper

432 2544 528 2618 ferit,
551 2544 768 2608 sciscitantem
790 2542 936 2617 edocuit,
960 2550 1118 2606 errantem
1140 2545 1294 2619 correxit,
1318 2553 1350 2606 et
1365 2545 1574 2608 Mommsenio
1596 2544 1675 2607 ami-

433 2667 582 2742 cissimo,
610 2686 705 2750 quem
729 2665 847 2749 optime
875 2666 978 2747 ipsum
1002 2664 1132 2748 quidem
1160 2666 1201 2729 de
1229 2666 1311 2730 libro
1332 2686 1405 2730 meo
1426 2667 1581 2731 meruisse
1603 2675 1676 2730 ante

435 2789 592 2873 exposui,
615 2790 703 2852 cuius
726 2796 830 2851 autem
855 2808 969 2870 magna
990 2788 1233 2871 inscriptionum
1248 2790 1529 2872 Neapolitanorum
1553 2788 1675 2872 sylloge

436 2920 633 2997 quantopere
663 2920 773 2975 auctus
801 2919 833 2974 et
854 2910 980 2973 adiutus
1004 2910 1079 2985 sim,
1111 2931 1152 2972 cx
1179 2910 1251 2992 ipso
1281 2910 1362 2974 libro
1390 2911 1473 2973 clare
1500 2911 1674 2994 apparebit

434 3034 584 3109 Accedit,
612 3034 699 3119 quod
720 3054 786 3097 una
808 3054 879 3097 cum
906 3035 1031 3097 Baitero
1055 3052 1084 3097 r.
1107 3052 1134 3095 c.
1156 3032 1298 3096 laborem
1321 3033 1501 3115 improbum
1524 3042 1556 3097 et
1577 3032 1674 3096 taedii

435 3158 568 3242 plenum
602 3157 745 3242 plagulas
773 3158 856 3240 typis
886 3156 1059 3239 descriptas
1090 3155 1271 3239 corrigendi
1298 3157 1332 3218 in
1361 3174 1396 3218 ae
1417 3157 1576 3239 suscepit3
1610 3174 1675 3239 qua

435 3281 542 3345 oblata
564 3281 732 3344 occasione
758 3299 856 3364 opera
884 3279 962 3342 mibi
991 3287 1076 3343 certe
1105 3280 1283 3362 gratissima
1305 3279 1450 3344 Baiterus
1471 3279 1581 3364 paucis
1603 3279 1676 3362 qui·

436 3403 511 3466 dem
531 3403 611 3468 locis
633 3401 741 3466 doctas
769 3422 843 3466 suas
873 3400 1094 3466 adnotationes
1120 3402 1283 3477 adiunxit,
1311 3403 1538 3466 llommaenius
1568 3409 1674 3466 autem

434 3525 591 3609 plurimos
613 3526 658 3588 ita
680 3523 855 3608 corrigere,
878 3525 1062 3598 restituere,
1085 3522 1246 3608 explicere
1268 3533 1401 3592 conatus
1418 3533 1484 3599 est,
1505 3533 1541 3588 ut
1555 3525 1675 3610 saepis·

434 3648 517 3712 sime
537 3667 648 3712 rerum
672 3667 744 3710 eum
767 3645 901 3722 vidisse,
928 3665 1054 3728 semper
1076 3646 1162 3709 docti
1184 3645 1305 3728 aliquid
1327 3653 1358 3710 et
1379 3647 1538 3730 ingeniosi
1558 3667 1675 3732 propo-

435 3772 540 3834 suisse
561 3770 698 3833 libenter
718 3789 897 3852 agnoscam.
942 3770 1070 3832 Praeter
1091 3767 1151 3833 hoe
1171 3767 1257 3831 haud
1279 3789 1380 3854 pauca
1409 3769 1510 3832 debeo
1531 3771 1674 3832 Brunnio

434 3891 584 3956 familiari
607 3911 710 3974 nuper
732 3891 1009 3965 coniunctissimo,
1039 3891 1095 3973 qui
1123 3898 1330 3954 monumenta
1354 3891 1389 3954 in
1411 3892 1675 3974 peregrinationi·

436 4009 498 4077 hus
527 4011 595 4076 suia
626 4013 785 4096 descripta
814 4011 890 4075 milri
922 4031 1049 4095 semper
1075 4013 1196 4076 utenda
1228 4013 1393 4095 permisit3
1425 4015 1566 4077 loannes
1599 4034 1675 4078 vero

437 4135 577 4219 Baptista
599 4133 638 4196 de
662 4133 770 4209 liosei,
794 4135 841 4198 vir
862 4133 1012 4197 scientiae
1029 4135 1253 4218 epigraphicae
1268 4135 1301 4197 in
1316 4135 1426 4219 primis
1441 4136 1580 4220 peritus,
1601 4156 1674 4199 cum

436 4257 648 4321 Mommsenio
675 4277 761 4320 nunc
787 4257 821 4320 in
850 4275 981 4339 corpore
1007 4257 1190 4320 Latinarum
1219 4257 1459 4341 inscriptionum
1488 4257 1674 4322 adornando

437 4379 559 4444 sodalis
580 4378 658 4442 mibi
682 4379 955 4463 exoptatissimus,
984 4380 1146 4462 inceptum
1175 4388 1208 4443 et
1237 4380 1378 4444 consiliis
1405 4383 1472 4443 auis
1500 4388 1534 4444 et
1561 4399 1675 4444 monu-

438 4503 556 4568 mentis
579 4503 817 4566 communicatis
837 4502 946 4566 fovere
969 4511 1001 4564 et
1021 4500 1180 4584 adaugere
1208 4521 1371 4586 nunquam
1393 4501 1521 4566 destitit.
1564 4501 1674 4566 Laudo

439 4625 583 4710 denique
599 4623 815 4688 Caredonium
837 4623 938 4688 virum
961 4623 1196 4700 doctissimum,
1219 4625 1275 4708 qui
1297 4643 1509 4708 quaeeunque
1531 4623 1571 4688 ad
1593 4644 1676 4688 mar·

438 4747 546 4830 ginem
575 4747 773 4811 collectionis
804 4745 984 4810 Orellianae
1013 4746 1237 4822 adnotaverat,
1270 4747 1432 4830 exscripta
1463 4747 1541 4811 mibi
1574 4754 1676 4810 trans·

439 4869 541 4944 misit,
565 4889 648 4953 quae
671 4869 773 4932 sicubi
796 4887 880 4932 nora
900 4867 978 4930 milri
1001 4875 1090 4932 erant
1111 4876 1144 4931 et
1164 4877 1258 4933 antea
1276 4871 1401 4953 ignota,
1422 4869 1531 4936 addito
1545 4870 1675 4934 nomine

440 4993 508 5056 eius
529 4991 565 5055 in
585 4990 701 5054 librum
723 4992 837 5075 recepi.

526 5115 691 5198 Superest,
719 5121 756 5176 ut
777 5114 918 5178 virorum
940 5113 1105 5178 doctorum
1126 5113 1343 5199 indulgentiae
1370 5117 1486 5181 librum
1514 5137 1675 5182 commen·

441 5235 533 5311 dem,
573 5255 669 5320 quem
701 5235 809 5299 multis
848 5235 1123 5300 emendationibus
1159 5257 1252 5321 egere
1283 5257 1392 5323 neque
1424 5241 1536 5323 ignoro
1569 5260 1674 5324 neque
