4459 6525
519 2058 644 2141 Ingenti
666 2058 866 2133 lotinsruru,
895 2078 978 2143 quse
1000 2066 1073 2143 post
1095 2060 1213 2123 editam
1236 2061 1456 2124 collectionem
1478 2056 1672 2119 Orellianam

432 2182 536 2243 lucem
557 2180 719 2256 riderent,
753 2182 997 2265 inscriptionum
1028 2202 1160 2245 numero
1188 2185 1257 2265 ipse
1282 2184 1345 2246 iam
1368 2180 1506 2245 Orellius
1529 2200 1557 2243 c.
1579 2200 1621 2242 m.
1642 2198 1674 2241 v.

328 2350 329 2353 η
431 2303 583 2365 inductus
615 2310 681 2377 est,
711 2310 745 2367 ut
771 2304 803 2365 in
833 2304 1088 2387 supplementum
1117 2306 1223 2389 operis
1254 2306 1404 2369 volumen
1425 2304 1552 2367 tertium
1580 2320 1674 2384 prae-

430 2432 572 2509 pararet,
607 2426 699 2488 cuius
728 2426 783 2487 vix
810 2426 956 2509 quintum
985 2426 1097 2489 folium
1128 2428 1218 2511 prelo
1247 2428 1430 2491 mandatum
1460 2434 1541 2500 erat,
1574 2444 1673 2507 quum

327 2560 328 2587 ³
431 2554 547 2610 auctor
568 2554 670 2611 morte
693 2546 844 2631 abreptus
867 2558 924 2611 est.
968 2550 1015 2612 Its
1036 2556 1142 2613 sutem
1170 2570 1290 2613 norum
1312 2550 1461 2613 volumen
1482 2548 1674 2621 instituerat,

434 2678 468 2731 ut
492 2670 602 2733 titulos
632 2690 673 2733 ex
700 2670 788 2733 libris
817 2673 1043 2745 recentiorum,
1075 2672 1232 2747 Gervasii,
1261 2672 1494 2744 Kellermanni,
1523 2668 1675 2743 Lerscbii,

327 2864 328 2867 Ἴ
432 2794 570 2857 aliorum
595 2802 762 2877 excerptos
785 2796 854 2857 sine
876 2794 943 2857 ullo
966 2795 1079 2858 ordine
1103 2795 1217 2858 eodem
1240 2794 1336 2858 modo
1359 2794 1585 2865 conscriberet,
1609 2810 1673 2875 quo

431 2920 465 2979 in
489 2916 636 2979 ultimum
658 2917 759 2999 ipsius
781 2916 979 2980 collectionis
1002 2924 1099 3001 caput
1120 2916 1271 2980 Analecta
1294 2917 1450 2998 quaedam
1473 2922 1677 2998 congesserat

433 3048 466 3102 et
501 3039 571 3121 ipsa
600 3056 641 3101 ex
667 3038 756 3101 libris
788 3038 970 3122 desumpta,
1004 3058 1140 3124 quorum
1176 3038 1277 3103 serius
1312 3039 1341 3100 ei
1370 3038 1461 3119 copia
1486 3037 1570 3101 iacta
1598 3042 1676 3106 erat.

432 3162 506 3235 Qua
529 3161 651 3223 ratione
674 3160 824 3224 scribenti
849 3162 978 3245 quidem
1001 3162 1170 3225 commodo
1191 3180 1228 3224 ac
1250 3160 1415 3236 facillima,
1444 3160 1574 3223 lecturis
1595 3179 1672 3224 rero

432 3303 529 3368 quam
554 3284 692 3347 maxime
713 3283 915 3348 incommoda
945 3285 1114 3349 utilitstem
1141 3287 1247 3369 operis
1276 3285 1367 3348 valde
1395 3286 1597 3348 imminutum
1622 3285 1672 3359 iri,

431 3409 503 3490 ipse
525 3407 574 3470 vir
596 3407 708 3470 doctus
730 3409 845 3470 mirum
868 3413 917 3470 est
943 3408 1029 3490 quod
1052 3427 1118 3470 non
1138 3409 1313 3492 perspexit.
1357 3407 1463 3482 Quum
1484 3406 1582 3490 igitur
1601 3413 1676 3489 post

432 3535 567 3592 mortem
592 3529 662 3592 eius
683 3529 806 3592 librarii
830 3529 970 3594 editores
1000 3529 1198 3594 collectionis
1221 3529 1402 3593 Orellianae
1425 3525 1674 3592 continuandum

432 3671 516 3734 opus
539 3649 617 3714 mibi
641 3650 903 3727 demandassent,
927 3659 963 3716 ut
984 3659 1105 3736 portem
1128 3653 1213 3736 typis
1236 3652 1426 3735 descriptam
1447 3649 1674 3724 rescinderent,

431 3773 527 3838 facile
550 3775 589 3838 ab
615 3774 654 3838 iis
677 3774 861 3857 impetrari,
892 3776 962 3858 ipse
984 3793 1060 3836 vero
1083 3775 1114 3837 in
1143 3774 1226 3838 libro
1256 3773 1442 3836 adornando
1464 3773 1509 3836 ita
1531 3780 1675 3836 versatus

434 3917 522 3970 sum,
543 3903 580 3959 ut
601 3897 743 3980 priorum
759 3897 955 3960 voluminum
971 3899 1128 3962 rationem
1143 3898 1264 3981 ubique
1280 3906 1409 3984 secutus
1423 3915 1509 3958 meos
1525 3894 1674 3978 equidem

433 4019 544 4083 titulos
567 4037 625 4099 per
647 4017 758 4082 eadem
782 4021 885 4102 capitu
898 4025 995 4102 etque
1012 4019 1152 4084 Orellius
1167 4019 1377 4103 disponerem.
1411 4019 1447 4080 ln
1463 4017 1675 4081 monumentis

432 4149 541 4204 tamen
563 4139 742 4223 deligendis
764 4159 836 4202 raro
858 4147 981 4204 tantum
998 4143 1121 4224 mugnis
1137 4141 1381 4223 inscriptionum
1397 4140 1583 4222 corporibus
1596 4159 1676 4204 usus

433 4284 516 4326 sum.
554 4263 756 4346 Quamquam
779 4265 881 4336 enim,
904 4265 930 4326 si
952 4283 1071 4326 novum
1094 4266 1224 4326 omnino
1246 4263 1403 4326 delectum
1425 4263 1602 4337 instituere,
1623 4261 1676 4326 vel

432 4386 565 4448 alteram
590 4385 695 4470 operis
712 4384 866 4449 Orellieni
890 4383 1060 4449 editionem
1081 4405 1193 4469 parare
1208 4385 1362 4459 licuisset,
1385 4383 1551 4468 permultis
1567 4403 1675 4448 eorum

432 4507 698 4591 inscriptionibus
725 4507 764 4570 ab
794 4507 915 4572 Orellio
946 4507 1178 4592 praetermissis
1206 4527 1256 4570 me
1289 4507 1395 4569 locum
1428 4507 1574 4570 daturum
1605 4525 1676 4570 csse

431 4629 520 4692 baud
543 4626 661 4693 inlitiss
683 4631 752 4705 ibo,
774 4631 877 4694 uibilo
899 4637 1005 4694 tamen
1026 4629 1134 4694 minus
1148 4649 1187 4693 sa
1200 4629 1399 4714 potissimum
1415 4629 1521 4711 operis
1536 4630 1677 4712 suscepti

432 4751 517 4816 ratio
533 4769 604 4815 esse
619 4751 773 4827 debebat,
798 4759 832 4816 ut
847 4753 945 4816 titulis
959 4753 999 4816 ab
1015 4752 1071 4815 illo
1087 4751 1231 4815 collectis
1245 4759 1452 4814 monumenta
1466 4751 1676 4833 adiungeren-

432 4883 487 4936 tur
508 4891 622 4937 recens
645 4875 761 4937 edosss
783 4875 834 4936 vel
857 4873 1032 4956 divulgata,
1054 4875 1104 4937 rel
1127 4893 1210 4956 quae
1232 4873 1345 4936 melius
1368 4873 1529 4955 exscripta
1550 4879 1583 4936 et
1602 4873 1676 4936 illu·

431 5003 533 5058 strata
555 4995 684 5058 maioris
706 5015 793 5060 nuuc
814 5017 910 5080 quam
938 5007 1031 5060 antea
1060 4995 1212 5059 momenti
1239 5015 1308 5058 esse
1331 4994 1523 5058 viderentur.
1567 4994 1674 5070 Quum

432 5118 522 5182 cuim
548 5137 700 5200 corpore,
734 5117 774 5183 dc
803 5119 920 5204 quibus
952 5118 1038 5194 diri,
1073 5118 1317 5200 inscriptionum
1346 5123 1379 5179 et
1410 5135 1493 5200 quoe
1521 5115 1583 5180 slis
1604 5123 1677 5180 ante

432 5239 593 5306 Orellium
615 5259 713 5326 opera
727 5241 931 5326 epigraphics
946 5242 1127 5325 conscripta
1142 5245 1229 5315 sunt,
1249 5241 1284 5303 in
1299 5239 1461 5323 plerisque
1474 5236 1677 5304 bibliothecis
