4459 6525
673 864 681 875 x

548 1048 647 1125 bitur,
671 1048 758 1134 quod
780 1055 854 1113 ante
870 1048 990 1113 editum
1006 1048 1128 1133 Gorpns
1143 1050 1387 1133 inscriptionum
1401 1049 1587 1115 Latimm
1605 1050 1786 1115 universale

548 1171 634 1235 bunc
655 1172 770 1236 librum
793 1172 912 1256 publici
934 1174 1013 1235 iuris
1034 1172 1173 1236 fecerim.
1211 1172 1284 1248 Quo
1306 1180 1412 1236 autem
1433 1180 1578 1255 tempore
1599 1192 1681 1255 opus
1695 1175 1787 1257 equi·

549 1294 621 1357 dem
643 1294 806 1368 inchoavi,
829 1294 1003 1358 verendum
1019 1304 1103 1371 erat,
1125 1314 1167 1356 ue
1182 1294 1303 1378 Corpus
1327 1295 1425 1370 illud,
1447 1296 1475 1358 si
1489 1295 1621 1359 omnino
1635 1296 1670 1359 in
1684 1297 1787 1361 lucem

549 1416 747 1500 proditurum
769 1424 869 1492 esset,
892 1418 1012 1482 incerta
1033 1425 1130 1501 atque
1151 1416 1276 1482 inlirma
1297 1420 1450 1483 librorum
1465 1422 1665 1505 potissimum
1681 1427 1788 1484 aucto·

548 1540 641 1603 ritate
663 1540 827 1603 niteretur.
872 1540 1043 1623 Sperabam
1067 1542 1178 1625 igitur,
1202 1544 1359 1607 simultis
1381 1545 1539 1627 exemplis
1552 1544 1657 1608 allatis
1672 1545 1787 1607 malam

549 1682 659 1727 eorum
682 1662 900 1726 condicionem
923 1664 998 1727 viris
1027 1664 1128 1727 doctis
1156 1666 1361 1747 probassem,
1390 1666 1424 1727 in
1452 1667 1557 1749 ipsum
1590 1665 1711 1751 Corpus
1738 1667 1788 1728 in-

548 1786 754 1869 scriptionum
777 1784 943 1849 utilitatem
965 1786 1124 1869 quandam
1147 1788 1223 1850 iudo
1236 1786 1483 1853 redundaturum
1499 1808 1580 1851 esse.
1615 1790 1788 1873 Postquam

548 1926 624 1971 sero
647 1908 876 1971 Mommsenins
905 1926 1037 1991 corpore
1066 1910 1319 1992 praeclarissimo
1344 1910 1585 1995 inscriptionum
1607 1911 1788 1995 Neapolita·

549 2050 661 2093 uarum
684 2031 768 2093 edito
791 2031 937 2093 omnibus
959 2033 1132 2112 persuasit,
1164 2052 1225 2095 nec
1247 2030 1393 2097 sulficere
1414 2034 1514 2097 libros
1536 2034 1577 2096 ad
1599 2052 1691 2097 veras
1711 2034 1788 2096 titu-

548 2154 652 2215 lorum
677 2153 827 2217 lectiones
850 2154 1080 2228 restituendas,
1115 2162 1149 2218 et
1173 2154 1294 2238 ubique
1323 2176 1450 2239 semper
1474 2156 1515 2219 ad
1537 2156 1655 2230 sontes,
1687 2165 1723 2219 ut
1744 2157 1788 2219 ita

549 2276 669 2351 dicam,
691 2276 820 2339 ultimos
841 2276 1041 2339 redeundum
1064 2296 1149 2351 esse,
1171 2278 1334 2341 academia
1355 2286 1460 2342 autem
1482 2280 1571 2361 regia
1585 2279 1788 2343 scientiarum

440 2482 444 2489 Ι
549 2400 716 2462 Bomssica
737 2399 771 2461 in
794 2418 928 2482 corpore
949 2399 1193 2482 inscriptionum
1212 2400 1395 2464 Latinarum
1419 2400 1603 2463 edomando
1625 2402 1693 2463 eius
1712 2420 1788 2463 con·

548 2520 622 2584 silis
643 2528 675 2583 ct
696 2520 850 2585 rationem
873 2522 967 2605 plane
989 2522 1170 2605 adoptarit,
1198 2522 1299 2589 nibilo
1327 2525 1433 2585 minus
1454 2542 1535 2605 opus
1558 2542 1664 2585 meum
1684 2541 1788 2605 paene

548 2642 728 2707 absolutum
749 2662 855 2726 neque
878 2644 1093 2707 abiiciendum
1115 2664 1221 2728 neque
1243 2646 1277 2707 in
1300 2646 1427 2707 occulto
1449 2644 1695 2729 relinquendum
1718 2664 1788 2708 esse

549 2766 677 2837 censui,
700 2764 727 2825 si
751 2764 879 2847 quidem
902 2765 987 2829 baud
1009 2784 1130 2847 paucos
1153 2786 1255 2829 annos
1270 2770 1458 2831 transituros
1475 2788 1546 2831 csse
1560 2776 1664 2852 patet,
1685 2769 1789 2851 prius·

550 2907 644 2972 quam
677 2908 824 2971 magnum
855 2889 934 2951 illud
962 2890 1124 2972 inceptum
1155 2892 1196 2953 ad
1224 2888 1318 2954 linem
1351 2890 1484 2974 perduci
1513 2892 1646 2973 poterit3
1680 2892 1788 2964 immo,

549 3009 663 3074 librum
689 3032 808 3086 meum,
837 3012 1067 3096 qualiscunque
1090 3021 1154 3087 cst,
1188 3033 1247 3096 pro
1276 3022 1419 3095 tempore
1446 3022 1532 3076 certe
1560 3014 1788 3077 subventurum

549 3154 620 3198 esse
643 3156 736 3219 spero
759 3134 919 3199 desiderio
941 3154 1065 3208 eorum,
1101 3136 1158 3219 qui
1188 3137 1247 3198 arti
1275 3134 1496 3219 epigrapbicae
1523 3142 1555 3197 et
1577 3136 1788 3197 Romanarum

548 3258 772 3344 antiquilatum
795 3258 945 3322 scientiae
968 3279 1098 3342 operam
1121 3258 1207 3322 dant

633 3381 669 3445 ln
692 3381 953 3464 inscriptionibus
983 3401 1058 3444 vero
1086 3401 1105 3444 a
1135 3403 1185 3444 me
1212 3382 1385 3464 propositis
1411 3382 1501 3454 licet,
1535 3389 1689 3464 quantum
1720 3377 1788 3441 lieri

549 3511 683 3589 poterat,
706 3499 855 3566 versuum
872 3504 1140 3578 distributionem,
1163 3505 1452 3586 interpunctionem
1466 3503 1653 3577 verborum,
1674 3523 1788 3577 nexus,
1902 3538 1903 3609 ,

548 3627 651 3690 sicubi
675 3632 781 3700 eraut,
804 3625 978 3690 litterarum
1001 3634 1147 3690 accurate
1170 3620 1390 3701 indicaverim,
1413 3627 1444 3688 in
1466 3625 1662 3708 corrigendis
1682 3633 1788 3688 tamen
1902 3614 1903 3631 ¹

547 3750 647 3814 titulis
670 3749 839 3814 Orellianis
861 3750 954 3812 aliter
975 3757 1120 3812 versatus
1142 3769 1231 3824 sum;
1254 3767 1327 3810 uam
1348 3749 1430 3812 lines
1452 3750 1533 3811 libro
1549 3750 1671 3831 positos
1687 3757 1789 3811 trans·

547 3891 674 3956 gressus
696 3891 818 3945 essem,
849 3873 874 3934 si
899 3889 1009 3934 omnes
1032 3870 1103 3932 illas
1127 3871 1278 3933 minutias
1300 3870 1461 3954 corrigere
1483 3871 1675 3944 voluissem,
1697 3889 1789 3952 prae·

553 3995 661 4058 sertim
685 4015 782 4078 quum
807 4011 887 4077 opus
909 3993 1013 4074 ipsum
1031 4011 1141 4055 corum
1157 3994 1257 4075 magis
1270 3994 1344 4056 usui
1360 3993 1553 4056 destinatum
1568 4011 1639 4055 csse
1654 4001 1787 4066 constet,

549 4117 603 4202 qui
626 4117 870 4200 antiquitatum,
902 4133 997 4198 quam
1027 4115 1083 4198 qui
1113 4115 1159 4178 rei
1182 4116 1406 4198 epigmpbicae
1436 4115 1543 4178 studio
1573 4113 1672 4177 dediti
1703 4122 1787 4177 sunt.

548 4241 585 4302 ln
618 4240 682 4307 illis
712 4249 836 4314 autem,
869 4257 950 4322 quas
980 4237 1065 4311 (lixi,
1099 4239 1244 4302 minutiis
1273 4237 1484 4320 epigrapbicis
1514 4255 1609 4320 quam
1637 4236 1788 4299 socordes

549 4363 687 4426 editores
722 4364 911 4426 vetustiores
944 4361 1080 4434 luerint,
1115 4362 1170 4423 vix
1205 4369 1254 4423 est
1286 4361 1371 4443 quod
1402 4379 1566 4433 mooeam3
1599 4359 1652 4421 bic
1682 4359 1788 4441 ipsum

548 4483 702 4548 Orellium
732 4493 842 4548 notare
874 4483 967 4546 liccat
1001 4501 1065 4546 non
1097 4484 1167 4546 sine
1196 4483 1327 4545 arbitrio
1357 4481 1517 4545 interdum
1549 4480 1646 4544 falsas
1680 4482 1788 4563 potius

547 4609 757 4692 cogitationes
780 4625 870 4680 suas,
894 4625 990 4690 quam
1012 4607 1194 4670 testimonia
1215 4613 1377 4668 auctorum
1401 4611 1544 4668 secutum
1560 4623 1645 4676 esse,
1669 4603 1789 4686 quippe

548 4731 604 4814 qui
628 4750 656 4792 c.
679 4749 726 4813 p,
749 4729 933 4812 ubicunque
956 4731 968 4790 i
990 4729 1128 4812 simplex
1149 4747 1208 4810 pro
1230 4728 1389 4810 duplicata
1411 4727 1445 4788 in
1464 4725 1680 4788 monumentis
1694 4726 1789 4787 obvia

550 4862 612 4928 est,
645 4852 758 4915 altiore
788 4851 910 4914 litterae
938 4851 1040 4934 ligura
1061 4851 1094 4913 id
1122 4850 1327 4914 indicandum
1350 4868 1422 4911 esse
1444 4850 1613 4910 censuerit.
1638 4848 1790 4910 -Sicut

549 4983 654 5039 sutem
675 4975 795 5058 ubique
817 4993 855 5037 ea
878 4974 973 5038 modo
995 4974 1164 5057 proposui,
1187 4991 1270 5055 quae
1292 4971 1429 5034 maxime
1445 4970 1624 5034 necessaria
1640 4969 1789 5032 rideban-

451 5083 456 5088 ’
548 5107 601 5161 tur
621 5115 710 5172 essa,
741 5097 785 5160 ita
805 5097 839 5160 in
862 5096 1146 5160 commemorandis
1174 5115 1307 5178 quoque
1330 5093 1572 5177 inscriptionum
1594 5091 1789 5156 editionibus

551 5219 591 5282 de
612 5219 746 5284 consilio
769 5239 863 5304 saepe
879 5239 933 5284 eas
948 5219 1059 5294 omisi,
1082 5235 1163 5302 quas
1177 5225 1289 5301 postca
1304 5225 1463 5280 correctas
1478 5235 1549 5280 esse
1565 5231 1788 5298 cognoveram.
